2975 4367
409 298 599 351 xxxvi.
640 298 693 362 9]
1293 295 1530 348 LIBER
1568 296 1617 348 v
2412 302 2508 352 111

410 498 491 542 ne
540 499 608 542 se
660 478 924 559 quidem
976 497 1225 558 pacem,
1279 499 1478 558 quam
1532 477 1623 539 illi
1675 477 1997 555 adferant,
2053 479 2403 559 aspernari,
2455 479 2510 544 si

411 577 612 641 Gallis
678 579 1020 657 egentibus
1090 599 1263 656 agr0,
1334 598 1532 658 quem
1602 577 1796 642 latius
1863 578 2241 658 possideant
2309 600 2509 660 quam

413 678 630 740 colant
684 677 946 752 Clusini,
1003 684 1258 757 partem
1313 677 1544 740 finium
1596 678 1960 741 concedant
1971 699 1987 755 ;
2043 678 2230 742 aliter
2281 700 2509 759 pacem

344 793 376 833 4
410 776 745 857 impetrari
817 799 947 839 non
1018 797 1224 857 posse.
1317 779 1405 841 Et
1449 798 1833 858 responsum
1904 800 2123 841 coram
2196 779 2510 844 Romanis

413 877 701 957 accipere
736 877 917 953 velle,
953 883 1041 953 et,
1077 876 1130 940 si
1164 885 1436 956 negetur
1470 899 1640 957 ager,
1677 898 1895 941 coram
1929 877 2159 942 iisdem
2196 879 2510 943 Romanis

412 977 854 1053 dimicaturOS,
935 985 1010 1040 ut
1089 977 1392 1040 nuntiare
1469 978 1740 1041 domum
1818 987 2103 1058 possent,
2185 985 2510 1060 quantum

413 1077 581 1140 Galli
621 1078 867 1141 virtute
907 1085 1155 1140 ceteros
1195 1078 1502 1141 mortales
1541 1085 1967 1158 praestarent.

346 1193 377 1236 5
540 1177 888 1254 Quodnam
931 1178 997 1240 id
1042 1178 1142 1241 ius
1184 1185 1373 1254 esset,
1421 1199 1648 1257 agrum
1695 1200 1734 1241 a
1775 1179 2248 1258 possessoribus
2291 1188 2511 1260 petere

414 1284 530 1341 aut
594 1277 827 1340 minari
892 1299 1092 1354 arma,
1161 1279 1477 1341 Romanis
1542 1279 2023 1358 quaerentibus,
2090 1286 2157 1343 et
2221 1280 2378 1359 quid
2442 1280 2510 1342 in

417 1379 680 1441 Etruria
730 1378 819 1440 rei
873 1378 1073 1441 Gallis
1123 1385 1311 1455 esset,
1368 1399 1518 1441 cum
1569 1377 1659 1439 illi
1709 1398 1777 1441 se
1827 1378 1895 1440 in
1947 1379 2143 1442 armis
2194 1380 2294 1442 ius
2346 1378 2509 1441 ferre

412 1484 480 1540 et
511 1479 733 1541 omnia
763 1479 1032 1542 fortium
1067 1479 1354 1541 virorum
1385 1499 1523 1541 esse
1555 1479 1855 1541 ferociter
1883 1478 2192 1555 dicerent,
2228 1479 2511 1542 accensis

414 1579 744 1659 utrimque
796 1580 1028 1643 animis
1080 1577 1161 1642 ad
1215 1600 1397 1642 arma
1445 1579 1828 1641 discurritur
1876 1585 1944 1641 et
1995 1578 2311 1658 proelium
2362 1601 2513 1641 con-

347 1693 378 1735 o
412 1679 665 1742 seritur.
756 1679 878 1755 Ibi,
946 1680 1078 1742 iam
1150 1679 1532 1758 urgentibus
1592 1680 1962 1742 Romanam
2035 1679 2263 1742 urbem
2334 1679 2507 1755 fatis,

415 1777 609 1857 legati
661 1786 891 1843 contra
941 1779 1039 1843 ius
1092 1779 1384 1857 gentium
1431 1799 1617 1842 arma
1659 1779 1945 1858 capiunt.
2039 1779 2172 1841 Nec
2224 1778 2289 1841 id
2344 1778 2510 1842 clam

412 1899 549 1942 esse
590 1880 829 1959 potuit,
875 1901 1024 1942 cum
1067 1886 1221 1941 ante
1260 1880 1445 1958 signa
1488 1881 1912 1941 Etruscorum
1953 1886 2085 1942 tres
2126 1878 2508 1942 nobilissimi

414 1978 877 2059 fortissimique
947 1980 1285 2042 Romanae
1351 1979 1715 2041 iuventutis
1781 1986 2147 2058 pugnarent
2159 2000 2175 2055 3
2244 1985 2509 2042 tantum

349 2094 378 2137 7
412 2078 741 2141 eminebat
784 2080 1119 2158 peregrina
1159 2079 1387 2142 virtus.
1478 2077 1653 2154 Quin
1692 2078 1893 2141 etiam
1934 2078 2010 2155 Q.
2045 2079 2287 2141 Fabius
2327 2099 2511 2141 evec-

416 2184 522 2241 tus
564 2184 754 2241 extra
797 2180 999 2241 aciem
1043 2199 1213 2258 equo
1257 2178 1491 2240 ducem
1535 2178 1888 2253 Gallorum,
1919 2177 2217 2241 ferociter
2260 2178 2327 2240 in
2370 2178 2512 2257 ipsa

413 2278 598 2357 signa
672 2280 1094 2341 Etruscorum
1169 2278 1630 2354 incursantem,
1690 2298 1804 2357 per
1877 2277 2047 2341 latus
2122 2279 2511 2341 transfixum

417 2378 607 2440 hasta
659 2376 897 2441 occidit
908 2401 924 2453 ;
979 2377 1316 2458 spoliaque
1369 2378 1507 2440 eius
1561 2376 1883 2456 legentem
1940 2377 2108 2441 Galli
2164 2398 2506 2457 agnovere,

415 2498 656 2558 perque
718 2486 932 2541 totam
997 2479 1199 2540 aciem
1265 2478 1639 2540 Romanum
1704 2476 1990 2555 legatum
2052 2497 2190 2540 esse
2250 2478 2507 2556 signum

414 2577 646 2641 datum
685 2585 803 2640 est.

349 2694 381 2738 8
540 2678 797 2741 Omissa
827 2678 978 2740 inde
1009 2679 1077 2741 in
1109 2678 1402 2740 Clusinos
1434 2677 1549 2753 ira,
1584 2677 1871 2757 receptui
1905 2683 2150 2741 canunt
2183 2678 2511 2741 minantes
2604 2747 2609 2751 ,

417 2777 748 2841 Romanis.
841 2779 1067 2853 Erant,
1110 2778 1221 2858 qui
1281 2776 1612 2855 extemplo
1674 2778 1954 2839 Romam
2015 2776 2303 2839 eundum
2366 2797 2513 2840 cen-

413 2884 655 2955 serent;
695 2876 907 2940 vicere
946 2878 1246 2953 senioreS,
1291 2884 1366 2939 ut
1409 2876 1604 2955 legati
1644 2877 1822 2956 prius
1862 2877 2282 2940 mitterentur
2322 2897 2511 2957 ques-

415 2982 558 3039 tum
594 2977 861 3041 iniurias
896 2976 1455 3057 postulatumque,
1495 2983 1571 3038 ut
1607 2997 1724 3055 pro
1760 2976 1897 3039 iure
1933 2977 2225 3055 gentium
2264 2977 2511 3040 violato

347 3094 379 3137 9
415 3076 599 3139 Fabii
650 3076 1059 3140 dederentur.
1151 3077 1378 3156 Legati
1422 3075 1756 3143 Gallorum
1809 3097 1956 3138 cum
2001 3098 2097 3153 ea,
2127 3077 2295 3140 sicut
2322 3084 2511 3140 erant

415 3176 748 3252 mandata,
822 3177 1293 3257 exposuissent,
1366 3176 1624 3239 senatui
1694 3197 1811 3240 nec
1884 3177 2135 3240 factum
2207 3176 2510 3257 placebat

415 3275 785 3352 Fabiorum,
837 3283 904 3340 et
953 3276 1053 3339 ius
1103 3275 1433 3355 postulare
1483 3276 1743 3339 barbari
1795 3276 2189 3341 videbantur
2199 3299 2215 3354 ,·
2265 3277 2377 3340 sed
2429 3297 2509 3340 ne

411 3374 498 3451 id,
543 3376 718 3455 quod
762 3375 1082 3455 placebat,
1128 3376 1505 3438 decerneret
1546 3375 1614 3438 in
1658 3384 1885 3440 tantae
1927 3377 2288 3440 nobilitatis
2332 3377 2504 3453 viriS,

473 3629 523 3672 0.
555 3628 644 3671 lut
699 3629 985 3679 centium:
1040 3626 1186 3671 made
1239 3639 1307 3679 up
1361 3629 1413 3670 of
1512 3627 1665 3671 heads
1726 3629 1976 3680 prevaned
2048 3630 2188 3678 (with
2267 3631 2354 3675 the
2423 3631 2512 3675 ad-

410 3696 670 3748 principles
706 3707 934 3738 common
972 3700 1026 3738 to
1063 3696 1127 3738 all
1163 3697 1331 3746 ventes,
1371 3697 1410 3738 it
1511 3697 1695 3748 vice).”

409 3762 669 3814 especially
702 3763 938 3814 provided
971 3763 1084 3805 that
1117 3762 1257 3812 levati
1287 3773 1413 3806 were
1571 3765 1622 3808 ⁹.
1655 3763 1894 3807 ambltio
1956 3763 2243 3817 obstabat:
2307 3766 2509 3818 “policy

406 3830 674 3875 inviolable
698 3830 796 3873 and
822 3830 1030 3873 neutral.
1510 3832 1830 3882 prevented.”
1893 3833 1996 3876 The
2027 3834 2165 3876 Fabii
2194 3844 2319 3876 were
2347 3843 2508 3885 prom-

471 3898 520 3942 8.
554 3898 734 3944 vicere
782 3899 1048 3944 teniores:
1101 3898 1228 3943 “the
1276 3897 1412 3942 older
1508 3899 1645 3943 lnent
1675 3900 1863 3952 people.
