2975 4367
426 328 528 379 128
1336 328 1401 381 T.
1436 325 1598 381 LIVI
2278 324 2438 391 [xlix.
2476 328 2511 383 5

421 512 596 573 terat
661 507 944 584 fortuna,
1010 506 1143 572 iam
1207 508 1481 572 deorum
1544 528 1702 589 opes
1766 507 2187 590 humanaque
2252 506 2520 572 consilia

422 627 560 671 rem
593 610 964 671 Romanam
998 608 1427 672 adiuvabant.
1520 609 1731 689 Igitur
1754 608 1966 689 primo
1992 627 2310 672 concursu
2341 607 2516 670 haud

424 708 666 771 maiore
695 715 1029 772 momento
1057 707 1184 771 fusi
1213 708 1382 772 Galli
1406 714 1585 784 sunt,
1617 729 1818 789 quam
1846 708 1930 771 ad
1959 708 2174 771 Aliam
2203 707 2513 770 vicerant.

356 823 390 868 6
550 808 828 872 Iustiore
882 808 1087 872 altero
1141 808 1374 872 deinde
1429 807 1672 889 proelio
1728 808 1811 871 ad
1865 793 2179 871 octavum
2235 806 2518 887 lapidem

424 906 681 973 Gabina
722 908 849 985 via,
894 930 1026 989 quo
1068 929 1136 972 se
1176 929 1262 973 ex
1302 910 1458 988 fuga
1500 907 1934 984 contulerant,
1978 907 2279 970 eiusdem*
2312 907 2519 969 ductu

425 1008 839 1090 auspicioque
927 1007 1178 1072 Camilli
1283 1009 1656 1071 vincuntur.
1796 1007 1899 1070 Ibi
1969 1007 2196 1071 caedes
2298 1006 2521 1070 omnia

423 1108 711 1172 obtinuit
721 1129 738 1186 ;
783 1114 999 1172 castra
1041 1108 1410 1189 capiuntur,
1455 1114 1524 1171 et
1568 1129 1650 1172 ne
1693 1107 1963 1170 nuntius
2008 1107 2275 1188 quidem
2317 1106 2519 1170 cladis

359 1227 390 1270 7
423 1206 702 1271 relictus.
794 1209 1115 1285 Dictator,
1165 1213 1552 1290 recuperata
1609 1228 1693 1271 ex
1753 1193 2052 1270 hostibus
2112 1206 2349 1288 patria,
2405 1205 2520 1269 tri-

424 1309 749 1387 umphans
795 1309 863 1371 in
909 1309 1137 1371 urbem
1183 1309 1372 1385 redit,
1421 1309 1722 1388 interque
1768 1306 1942 1370 iocos
1989 1305 2305 1383 militaris,
2355 1325 2518 1386 quos

423 1408 790 1471 inconditos
849 1409 1116 1485 iaciunt,
1181 1408 1502 1472 Romulus
1562 1428 1637 1471 ac
1697 1427 1931 1487 parens
1989 1406 2242 1487 patriae
2301 1404 2521 1468 condi-

395 1514 657 1590 ,torque
700 1508 864 1571 alter
903 1508 1081 1571 urbis
1123 1508 1299 1571 haud
1343 1508 1531 1571 vanis
1573 1507 1876 1570 laudibus
1917 1506 2390 1587 appellabatur.

356 1627 389 1672 8
547 1608 893 1672 Servatam
935 1607 1168 1671 deinde
1210 1608 1378 1671 bello
1421 1607 1707 1687 patriam
1749 1606 1988 1670 iterum
2029 1606 2098 1668 in
2139 1626 2300 1687 pace
2341 1603 2519 1668 haud

421 1706 619 1772 dubie
659 1708 969 1784 servavit,
1014 1729 1162 1771 cum
1204 1708 1539 1789 prohibuit
1581 1706 1842 1786 migrari
1882 1706 2074 1769 Veios
2127 1711 2196 1768 et
2235 1703 2517 1768 tribunis

421 1829 560 1872 rem
616 1809 934 1871 intentius
991 1809 1335 1888 agentibus
1392 1813 1543 1888 post
1601 1807 1932 1870 incensam
1990 1805 2225 1869 urbam
2280 1811 2348 1869 et
2407 1824 2522 1886 per

355 1894 488 1973 sse
538 1908 853 1972 inclinata
902 1908 1107 1987 magis
1157 1908 1345 1989 plebe
1396 1907 1478 1971 ad
1530 1906 1598 1969 id
1649 1906 1988 1970 consilium
1998 1926 2015 1983 ;
2064 1926 2271 1986 eaque
2322 1924 2520 1967 causa

421 2010 548 2072 fuit
593 2031 725 2072 non
770 2008 1176 2072 abdicandae
1219 2014 1371 2089 post
1416 2007 1828 2088 triumphum
1873 2006 2240 2070 dictaturae
2283 2010 2520 2068 senatu

419 2109 819 2186 obsecrante,
896 2128 978 2172 ne
1050 2128 1188 2172 rem
1261 2107 1592 2190 publicam
1665 2106 1734 2170 in
1805 2104 2054 2170 incerto
2125 2104 2518 2187 relinqueret

418 2215 618 2273 statu.

483 2362 530 2404 ο.
562 2360 796 2406 iustiore
828 2390 842 2405 .
876 2392 889 2405 .
923 2390 937 2404 .
965 2359 1198 2412 proelio:
1225 2359 1304 2404 Le.
1334 2359 1420 2404 the
1582 2359 1696 2405 Non
1741 2358 1848 2404 sine
1891 2369 2039 2404 causa
2091 2358 2167 2404 dii
2219 2356 2521 2411 hominesque

418 2429 596 2472 second
640 2432 909 2472 encounter
952 2439 1053 2471 was
1095 2439 1232 2472 more
1267 2439 1420 2481 ,prop-

1518 2428 1643 2472 hunc
1674 2429 1782 2472 urbi
1808 2430 2074 2472 condendae
2095 2428 2245 2471 locum
2268 2428 2515 2478 eleoerunt,
2600 2462 2605 2466 .

417 2494 521 2546 erly
552 2506 582 2538 a
614 2495 788 2538 battle.

480 2564 530 2606 7.
562 2562 822 2623 interque
851 2591 865 2605 .
894 2591 908 2605 .
937 2591 951 2605 .
974 2562 1218 2606 iaciunt:
1244 2562 1419 2605 “amid

418 2630 504 2673 the
535 2629 693 2679 rough
726 2629 849 2680 jests
883 2629 1045 2672 which
1081 2630 1167 2672 the
1201 2629 1416 2678 soldiers.

417 2708 471 2739 as
518 2698 559 2739 is
608 2697 734 2740 their
794 2696 1002 2747 fashiom
1066 2699 1206 2749 flung
1262 2698 1417 2740 about

417 2764 605 2807 them.’'
671 2765 742 2808 Cf.
776 2766 821 2807 3.
856 2766 931 2809 29.
964 2765 1009 2807 5.

478 2832 528 2873 8.
563 2830 795 2882 mla-ari
827 2831 1013 2877 Veios:
1060 2831 1320 2875 “removal
1364 2834 1419 2874 to

417 2897 572 2941 Veii.”
637 2898 753 2940 This
782 2897 880 2940 had
912 2898 1038 2940 been
1068 2897 1219 2948 urged
1250 2897 1419 2941 before

395 2964 484 3017 ‚by
519 2964 604 3007 the
640 2965 863 3008 tribunes
897 2965 947 3007 in
985 2966 1076 3007 395
1113 2976 1162 3007 Β.
1200 2975 1244 3007 c.
1314 2964 1418 3008 The

415 3031 663 3081 following
708 3032 750 3074 is
800 3031 969 3083 Livy's
1015 3034 1180 3082 report
1230 3031 1283 3072 of
1331 3030 1418 3074 the

413 3097 610 3140 natural
634 3097 944 3148 advantages
966 3097 1118 3148 urged
1142 3098 1219 3139 tor
1236 3097 1413 3141 Rome:

1518 2496 1850 2540 saluberrimos
1890 2496 2042 2546 colles,
2078 2496 2256 2547 flumen
2295 2496 2520 2546 opportu-

1518 2575 1651 2614 num.
1708 2575 1800 2616 quo
1862 2574 1920 2607 ex
1982 2561 2338 2606 mediterraneis
2401 2561 2517 2605 locis

1517 2632 1675 2683 truces
1699 2630 1996 2678 devehantur,
2022 2641 2113 2682 quo
2133 2629 2371 2674 maritimi
2391 2640 2516 2672 com-

1518 2700 1699 2742 meatus
1755 2698 2072 2749 accipiantur,
2128 2708 2258 2742 mare
2303 2698 2516 2741 vicinum

1517 2767 1581 2809 ad
1601 2765 1947 2809 commoditates
1967 2777 2052 2809 nec
2072 2765 2338 2817 expositum
2358 2763 2518 2808 nimia

1517 2832 1871 2884 propinquitate
1919 2833 1984 2875 ad
2028 2831 2243 2884 pericula
2287 2830 2515 2874 classium

1515 2901 1826 2948 externarum,
1843 2899 2079 2950 reqionem
2099 2898 2271 2942 ltaliae
2290 2896 2512 2947 mediam,

1515 2967 1579 3009 ad
1619 2966 1958 3010 incrementum
1999 2965 2133 3010 urbis
2174 2965 2343 3009 natum
2374 2963 2516 3009 unice

1515 3033 1668 3076 locum
1706 3034 1808 3082 (54ι
1838 3031 1905 3082 4).
