2975 4367
496 289 568 342 86
1412 287 1477 342 T.
1514 287 1675 343 L1v1
2147 343 2150 346 ,
2326 288 2522 356 [xxvii.
2566 292 2599 344 3
2676 276 2681 280 ’

433 489 463 529 4
498 478 652 535 ante
704 471 856 535 solis
911 492 1214 535 occasum
1271 473 1507 536 Martio
1562 473 1629 534 in
1685 494 1918 553 campo
1975 474 2303 549 adessent;
2361 473 2599 554 quibus

499 578 681 635 aetas
735 571 819 634 ad
874 563 1292 635 militandum
1347 574 1606 652 gravior
1655 580 1846 650 esset,
1904 573 2117 636 vicino
2174 572 2384 650 militi,
2439 573 2599 635 dum

497 672 552 736 is
623 692 809 735 arma
878 679 1138 751 pararet
1213 670 1590 753 vallumque
1661 679 1934 753 peteret,
2011 674 2253 736 cibaria
2325 693 2600 754 coquere

498 772 705 835 iussit.
796 771 899 859 Sic
976 772 1286 835 iuventus
1348 773 1653 836 discurrit
1731 773 1813 836 ad
1894 773 2141 836 vallum
2218 773 2597 853 petendum.

435 890 465 933 5
500 873 864 951 Sumpsere,
909 871 1083 934 unde
1126 873 1359 952 cuique
1394 873 1768 952 proximum
1806 873 1931 936 fuit
1942 894 1958 950 ;
2001 873 2368 953 prohibitus
2411 893 2601 936 nemo

498 978 625 1050 est3
691 972 1093 1052 impigreque
1136 992 1362 1035 omnes
1429 972 1513 1034 ad
1579 973 1869 1036 edictum
1935 973 2275 1036 dictatoris
2341 980 2601 1052 praesto

435 1089 467 1132 c
500 1072 696 1135 fuere.
790 1072 952 1135 Inde
1007 1073 1368 1151 composito
1426 1073 1701 1151 agmine,
1746 1094 1879 1135 non
1932 1073 2149 1136 itineri
2204 1073 2408 1151 magis
2463 1073 2602 1151 apti

502 1193 702 1252 quam
750 1171 1012 1252 proelio,
1062 1172 1116 1235 si
1163 1192 1263 1235 res
1312 1173 1408 1235 ita
1455 1173 1732 1249 tulisset,
1783 1173 2064 1252 legiones
2111 1173 2249 1252 ipse
2296 1173 2600 1248 dictator,

502 1272 810 1351 magister
840 1273 1139 1352 equitum
1171 1292 1323 1335 suos
1354 1273 1609 1352 equites
1641 1273 1842 1336 ducit.
1936 1273 2015 1334 In
2046 1280 2326 1353 utroque
2350 1273 2605 1351 agmine

439 1391 467 1434 7
501 1393 665 1453 quas
699 1379 962 1451 tempus
987 1372 1211 1451 ‘ipsum
1246 1373 1560 1452 poscebat
1603 1373 2095 1436 adhortationes
2144 1379 2358 1435 erant:
2411 1372 2607 1434 adde-

502 1479 646 1535 rent
699 1472 972 1552 gradum
984 1492 1001 1548 ς
1054 1479 1389 1535 maturato
1441 1494 1607 1552 opus
1658 1494 1815 1549 esse,
1860 1480 1936 1535 ut
1988 1480 2181 1535 nocte
2218 1473 2301 1534 ad
2349 1473 2605 1534 hostem

502 1573 823 1653 perveniri
907 1579 1146 1652 posset.
1238 1573 1583 1635 Consulem
1667 1575 2156 1653 exercitumque
2231 1573 2606 1635 Romanum

502 1673 802 1749 obsideri,
854 1673 1125 1735 tertium
1175 1673 1349 1735 diem
1399 1673 1532 1735 iam
1584 1673 1835 1735 clausos
1884 1693 2022 1735 esse
2033 1693 2048 1749 ;
2100 1672 2258 1753 quid
2309 1690 2607 1752 quaeque

502 1794 635 1836 nox
671 1779 786 1836 aut
822 1773 959 1836 dies
994 1773 1183 1849 ferat,
1221 1774 1546 1835 incertum
1581 1794 1718 1836 esse
1730 1794 1745 1848 ;
1782 1779 2030 1852 puncto
2065 1792 2259 1852 saepe
2293 1771 2606 1851 temporis

438 1892 469 1935 8
503 1873 940 1936 maximarum
983 1893 1199 1936 rerum
1244 1879 1584 1936 momenta
1627 1873 1814 1936 verti.
1906 1872 2259 1948 ‘Accelera‚
2283 1870 2604 1950 signiferl’

505 1973 835 2053 ‘Sequere,
882 1973 1119 2035 miles!'
1176 1974 1347 2036 inter
1399 1994 1467 2036 se
1523 1993 1785 2053 quoque
1839 1973 2280 2052 gratificantes
2333 1971 2610 2033 ducibus

504 2072 898 2136 clamabant.
992 2073 1207 2136 Media
1275 2081 1469 2136 nocte
1539 2073 1607 2134 in
1680 2072 1987 2151 Algidum
2057 2072 2447 2152 perveniunt
2518 2077 2606 2146 et,

503 2180 581 2237 ut
624 2193 879 2236 sensere
923 2193 992 2236 se
1037 2173 1169 2236 iam
1216 2193 1419 2253 prope
1466 2173 1687 2236 hostes
1733 2193 1890 2248 esse,
1938 2173 2124 2250 signa
2170 2171 2603 2234 constituunt.

441 2295 464 2335 1
629 2273 955 2335 XXVIII.
1005 2273 1107 2335 Ibi
1129 2273 1434 2349 dictator,
1456 2280 1784 2353 quantum
1808 2279 1999 2334 nocte
2022 2271 2301 2351 prospici
2324 2275 2606 2350 poterat,

503 2394 673 2453 equo
726 2373 1201 2436 circumvectus
1238 2373 1874 2452 contemplatusque,
1915 2372 2027 2452 qui
2062 2377 2314 2433 tractus
2369 2377 2613 2432 castro-

504 2493 648 2535 rum
686 2493 984 2553 quaeque
1036 2472 1249 2535 forma
1299 2479 1488 2548 esset,
1546 2472 1826 2535 tribunis
1892 2472 2173 2533 militum
2237 2470 2608 2550 imperavit,

504 2578 580 2636 ut
631 2573 917 2636 sarcinas
952 2574 1021 2635 in
1056 2593 1263 2635 unum
1318 2573 1524 2636 conici
1567 2573 1859 2648 iubeant,
1899 2572 2173 2634 militem
2212 2591 2360 2633 cum
2415 2570 2611 2632 armis

506 2672 807 2753 valloque
854 2673 1061 2736 redire
1108 2673 1177 2736 in
1224 2674 1482 2736 ordines
1530 2693 1701 2735 suos,
1795 2674 2000 2735 Facta
2035 2693 2204 2752 quae
2234 2670 2606 2750 imperavit.

441 2793 471 2835 2
504 2773 692 2848 Tum,
723 2794 854 2853 quo
884 2773 1145 2862 fuerant
1177 2774 1403 2836 ordine
1439 2774 1509 2835 in
1548 2758 1675 2848 via,
1715 2772 2078 2835 exercitum
2116 2791 2378 2834 omnem
2417 2770 2610 2849 longo

507 2873 762 2951 agmine
790 2872 1155 2936 circumdat
1182 2874 1471 2935 hostium
1515 2872 1763 2948 castriS,
1794 2879 1882 2948 et,
1921 2872 2034 2934 ubi
2074 2872 2333 2951 signum
2373 2869 2608 2932 datum

504 2972 609 3047 sit,
689 2972 1037 3035 clamorem
1112 2994 1337 3036 omnes
1414 2973 1637 3036 tollere
1712 2973 1915 3048 iubet,
1995 2972 2274 3034 clamore
2347 2969 2611 3032 sublato

442 3093 471 3135 3
507 3078 660 3136 ante
697 3093 766 3135 se
806 3093 1132 3153 quemque
1171 3073 1406 3136 ducere
1429 3073 1672 3136 fossam
1712 3079 1779 3135 et
1818 3073 2027 3135 iacere
2052 3070 2316 3135 vallum.
2408 3069 2611 3132 Edito

506 3357 648 3402 usual
686 3358 1023 3401 construction
1059 3368 1229 3401 occurs
1265 3356 1421 3401 below
1457 3358 1507 3400 in
1611 3355 1696 3400 the
1727 3355 1850 3409 perf.
1885 3361 2022 3409 ptcp.
2058 3366 2112 3399 as
2145 3354 2458 3399 substantive
2489 3353 2613 3399 with
2640 3416 2641 3419 Ἴ

506 3437 707 3477 coquere.
1609 3435 1730 3477 opus
1789 3436 1899 3468 esse.
1993 3425 2375 3467 maximarum
2439 3452 2452 3465 .
2518 3452 2531 3464 .

568 3493 617 3536 4.
654 3492 884 3544 qulbus:
904 3511 948 3526 =
967 3494 1257 3544 eosicuibus.
1312 3492 1510 3537 militie
1607 3493 1776 3536 vorti:
1806 3493 1932 3535 “the
1958 3492 2174 3535 decision
2201 3492 2254 3534 ot
2280 3491 2367 3533 the
2393 3493 2610 3540 greatest

506 3560 773 3610 collective,
805 3571 860 3602 as
883 3558 930 3603 'is
957 3560 1134 3603 vallum
1166 3560 1329 3605 belown-
1607 3561 1759 3603 issues
1792 3559 2014 3609 hingesss’

571 3630 618 3671 5.
652 3626 829 3671 undet
861 3644 905 3660 -=
930 3627 1054 3681 inde,
1088 3627 1188 3671 ubi.
1672 3626 1917 3670 XXVIII.
1954 3628 2001 3669 1.
2034 3624 2361 3677 imperavit.
2406 3624 2492 3667 the
2528 3627 2611 3667 act

570 3697 619 3737 6.
652 3694 797 3745 apti:
826 3711 869 3727 -=
896 3704 1004 3736 cum
1031 3695 1135 3744 apti
1162 3695 1326 3737 essent.
1607 3696 1660 3738 of
1704 3694 1790 3737 the
1834 3694 2103 3744 imperator,
2138 3693 2189 3734 in
2236 3694 2455 3734 contrast
2490 3690 2612 3733 with

570 3763 618 3805 7.
652 3760 924 3806 adderent
948 3760 1214 3812 gradum:
1238 3755 1509 3813 they'were
1606 3760 1812 3805 iubeant.

507 3833 561 3872 to
621 3827 842 3871 “double
902 3827 1100 3876 quick.'’
1193 3827 1507 3871 maturato:
1668 3829 1717 3870 2.
1752 3827 1945 3871 tollore
2007 3856 2021 3870 .
2085 3856 2098 3870 .
2163 3856 2176 3870 .
2234 3824 2486 3870 sublato:
2545 3824 2610 3868 ct.

508 3895 746 3938 translate
772 3894 1004 3944 ‘'haste’'
1036 3904 1099 3935 an
1126 3893 1320 3936 archaie
1345 3905 1430 3937 use
1456 3895 1510 3938 ot
1605 3894 1794 3945 cepisse.
1823 3895 2028 3946 captum,
2062 3896 2100 3936 1.
2129 3896 2173 3937 5.
2201 3896 2245 3938 3.
