2975 4367
1267 199 1506 251 LIBER
1546 199 1604 251 II
2433 205 2503 255 79

400 201 556 254 xxiii.
602 200 687 263 14]

335 392 367 434 8
401 380 643 463 passim
697 388 912 444 totam
968 380 1195 443 urbem
1250 379 1573 459 pervadit.
1666 380 1851 456 Nexi‚
1896 381 2100 444 vincti
2151 381 2497 463 solutique,

402 502 468 544 se
534 480 822 561 undique
885 480 953 543 in
1017 480 1350 560 publicum
1415 479 1803 560 proripiunt,
1871 480 2224 560 implorant
2290 481 2501 558 Quiri-

403 582 571 644 tium
647 580 863 642 fidem.
955 580 1147 643 Nullo
1226 580 1364 642 loco
1402 658 1408 662 ,
1442 580 1624 642 deest
1700 579 2036 643 seditionis
2093 581 2499 646 voluntarius

402 700 644 756 comes;
701 680 925 743 multis
981 680 1223 759 passim
1282 679 1648 759 agminibus
1703 698 1819 758 per
1872 700 2098 744 omnes
2155 681 2319 760 vias
2351 702 2497 743 cum

402 779 682 843 clamore
712 780 781 843 in
812 781 1025 842 forum
1058 782 1355 842 curritur.

335 890 366 932 9
530 880 765 960 Magno
818 899 966 941 cum
1017 880 1299 959 periculo
1350 900 1488 955 suo,
1545 880 1656 960 qui
1707 879 1875 942 forte
1928 888 2190 959 patrum
2241 881 2309 943 in
2358 882 2498 945 foro

306 992 365 1033 10
399 987 609 1057 erant,
658 966 756 1043 'in
830 999 976 1042 eam
1052 979 1316 1042 turbam
1392 979 1787 1055 inciderunt;
1864 999 1981 1041 nec
2058 987 2498 1060 temperatum

403 1080 706 1144 manibus
751 1080 940 1156 foret,
989 1079 1056 1142 ni
1102 1099 1372 1158 propere
1420 1078 1732 1154 consules,
1784 1080 1853 1140 P.
1905 1080 2212 1142 Servilius
2257 1088 2324 1143 et
2372 1082 2493 1162 Ap.

402 1180 728 1256 ClaudiuS‚
787 1180 869 1242 ad
924 1178 1479 1258 comprimendam
1532 1178 1919 1241 seditionem
1972 1178 2493 1244 intervenissent.

403 1288 492 1345 At
540 1281 609 1344 in
654 1300 765 1343 eos
813 1279 1168 1342 multitudo
1201 1298 1387 1341 versa
1433 1285 1766 1341 ostentare
1815 1277 2076 1341 vincula
2122 1298 2240 1342 sua
2287 1279 2499 1343 defor-

307 1393 364 1434 11
404 1380 836 1460 mitatemque
899 1379 1113 1443 aliam.
1204 1379 1383 1448 Haec
1469 1397 1537 1440 se
1625 1378 1888 1441 meritos
1974 1378 2184 1440 dicere
2268 1399 2499 1460 expro-

404 1479 668 1543 brantes
733 1500 920 1543 suam
986 1480 1258 1559 quisque
1325 1477 1487 1541 alius
1553 1476 1707 1565 alibi
1773 1478 2103 1556 militiam;·
2166 1480 2496 1560 postulare

404 1579 612 1643 multo
675 1580 1013 1642 minaciter
1073 1579 1277 1658 magis
1337 1598 1538 1659 quam
1597 1578 1994 1658 suppliciter,
2057 1587 2134 1643 ut
2193 1587 2494 1644 senatum

404 1687 735 1757 vocarent,
790 1680 1164 1759 curiamque
1215 1678 1339 1758 ipsi
1391 1677 1597 1742 futuri
1648 1679 1875 1741 arbitri
1927 1680 2495 1762 moderatoresque

307 1794 368 1835 12
401 1777 645 1861 publici
688 1779 934 1843 consilii
979 1779 1481 1841 circumsistunt.
1574 1779 1774 1841 Pauci
1817 1779 2172 1842 admodum
2204 1787 2490 1860 patrum,

404 1901 567 1962 quos
623 1900 811 1943 casus
865 1879 1216 1955 obtulerat,
1276 1877 1597 1941 contracti
1654 1879 1738 1941 ab
1795 1879 2192 1957 consulibus;
2250 1887 2494 1944 ceteros

405 1988 640 2044 metus.
663 2002 796 2044 non
841 1979 1019 2042 curia
1065 1978 1259 2042 modo
1304 1978 1416 2042 sed
1461 1979 1664 2041 etiam
1710 1979 1848 2041 foro
1896 1979 2179 2056 arcebat,
2228 2000 2344 2043 nec
2392 1982 2492 2060 agi
2544 1983 2549 1989 ’

306 2094 367 2136 13
403 2081 753 2162 quicquam
793 2100 907 2160 per
943 2078 1447 2159 infrequentiam
1481 2085 1743 2158 poterat
1771 2086 2054 2142 senatus.
2142 2081 2312 2142 Tum
2341 2100 2491 2142 vero

402 2179 575 2242 eludi
619 2187 818 2261 atque
859 2179 1117 2242 extrahi
1159 2198 1226 2241 se
1270 2178 1626 2241 multitudo
1668 2185 1920 2257 putare,
1965 2186 2032 2241 et
2073 2185 2337 2259 patrum
2383 2182 2493 2260 qui

404 2281 724 2357 abessent,
794 2302 926 2343 non
995 2299 1167 2355 casu,
1239 2299 1370 2341 non
1438 2286 1639 2353 metu,
1709 2278 1819 2341 sed
1888 2278 2337 2358 impediendae
2404 2280 2493 2342 rei

404 2400 599 2443 causa
653 2381 895 2457 abesse,
951 2388 1017 2444 et
1073 2379 1365 2443 consules
1417 2378 1591 2457 ipsos
1645 2378 2071 2456 tergiversari,
2127 2399 2243 2441 nec
2298 2379 2494 2442 dubie

306 2497 365 2537 14
403 2480 680 2545 ludibrio
721 2501 858 2544 esse
900 2480 1188 2544 miserias
1228 2499 1396 2542 suas.
1489 2479 1630 2540 Iam
1673 2497 1875 2557 prope
1915 2486 2074 2553 erat,
2103 2486 2180 2542 ut
2222 2499 2302 2543 ne
2345 2499 2495 2543 con-

400 2580 616 2645 sulum
674 2581 939 2663 quidem
998 2580 1304 2642 maiestas
1363 2584 1682 2640 coerceret
1739 2578 1867 2641 iras
1925 2579 2282 2656 hominum,
2345 2599 2493 2642 cum

401 2681 649 2758 incerti,
691 2681 1005 2744 morando
1045 2702 1130 2743 an
1168 2678 1487 2741 veniendo
1525 2677 1671 2757 plus
1709 2678 1973 2756 periculi
2013 2681 2489 2756 contraherent,

402 2781 670 2846 tandem
711 2781 779 2845 in
820 2788 1122 2845 senatum
1166 2779 1466 2853 veniunt;
1509 2778 1962 2859 frequentique
2005 2779 2273 2842 tandem
2316 2780 2493 2843 curia

400 2931 595 2976 Roman
619 2943 800 2984 money
822 2931 1013 2975 lenders
1037 2941 1163 2974 were
1186 2931 1395 2974 without

398 2999 700 3050 restrictions
751 3001 878 3044 until
930 3001 1014 3043 the
1066 3000 1169 3043 XII
1223 2999 1397 3042 Tables

410 3069 516 3117 (451
543 3081 591 3112 B.
617 3070 705 3120 e.).
738 3068 801 3111 in
824 3069 1146 3112 servitium:
1171 3068 1209 3110 it
1236 3066 1394 3109 would

399 3134 527 3179 have
566 3139 687 3179 been
723 3136 913 3185 regular
951 3136 1026 3177 for
1063 3147 1092 3177 a
1130 3135 1306 3193 debtor
1343 3139 1396 3177 to

398 3203 532 3245 work
555 3204 611 3245 in
633 3203 918 3245 cercitudine
941 3213 1027 3252 pro
1050 3203 1268 3253 pecunia.

462 3271 513 3312 8.
545 3269 724 3314 vincti
809 3269 1116 3320 solutique:
1203 3272 1396 3322 apposi-

398 3336 574 3383 tional:
607 3337 864 3380 “whether
893 3337 945 3379 in
977 3337 1062 3379 the
1093 3337 1236 3379 chain
1269 3348 1396 3387 gang

398 3415 453 3447 or
519 3405 660 3447 not.”
759 3405 955 3448 fldem:
1027 3405 1393 3455 “protection.'’

396 3471 751 3515 voluntarius
772 3480 982 3515 comest
1003 3471 1089 3514 the
1108 3482 1221 3514 ever
1243 3472 1395 3524 ready

397 3539 574 3583 crowd.

462 3606 540 3648 10.
574 3605 862 3650 manibus:
897 3617 976 3650 see
1010 3617 1074 3649 on
1108 3607 1309 3658 templis.
1353 3609 1393 3651 1.

397 3673 472 3716 29.
506 3674 550 3716 6.
615 3675 717 3724 Ap.
753 3673 1037 3718 Claudius:
1102 3676 1145 3715 A
1178 3674 1394 3717 Roman-

395 3739 503 3782 ized
529 3740 653 3782 form
679 3741 730 3782 of
753 3741 829 3783 his
852 3741 1022 3783 native
1046 3741 1225 3785 Sabine
1249 3752 1394 3785 name

397 3805 565 3852 Attius
612 3807 828 3852 Clausus».
910 3809 1180 3861 Belonging
1227 3812 1280 3851 to
1328 3820 1391 3854 an

1498 2931 1775 2983 unpopular
1807 2943 1954 2984 peace
1987 2937 2134 2984 party
2168 2937 2220 2977 at
2255 2935 2414 2986 home,
2430 2936 2493 2979 he

1498 3000 1596 3042 had
1632 3000 1725 3042 fled
1764 3004 1817 3042 to
1855 3001 2011 3042 Rome
2053 3002 2162 3049 (505
2199 3013 2247 3045 B.
2286 3005 2355 3053 e.)
2392 3005 2490 3047 and

1496 3068 1712 3111 founded
1742 3069 1825 3110 the
1851 3078 1967 3118 gens
1993 3078 2047 3109 so
2073 3068 2266 3111 famous
2291 3071 2343 3112 in
2367 3070 2492 3115 later

1496 3135 1699 3187 history.

1560 3203 1638 3245 11.
1672 3205 1818 3249 Haec
1863 3210 1921 3245 se
1970 3202 2224 3245 meritos:
2273 3214 2339 3248 sc.
2374 3216 2493 3257 esse,-

1495 3269 1695 3313 ironical
1742 3270 1839 3312 and
1888 3270 2154 3321 emphatic:
2207 3271 2346 3314 “this
2392 3283 2492 3316 was

1496 3338 1622 3380 their
1651 3336 1888 3380 reward.''
1949 3335 2149 3388 tuturl,
2183 3341 2297 3381 etc.:
2332 3335 2509 3382 “with'

1496 3406 1581 3448 the
1634 3405 1879 3447 intention
1935 3406 1988 3446 of
2042 3404 2188 3455 being
2242 3407 2491 3449 witnesses

1495 3473 1656 3515 whose
1680 3482 1908 3523 presence
1931 3471 2092 3515 would
2118 3472 2228 3522 give
2252 3473 2488 3516 direction

1495 3545 1547 3582 to
1577 3540 1662 3582 the
1690 3539 1846 3582 actS.''

1558 3609 1636 3650 12.
1669 3607 2137 3657 infrequentiam:
2180 3607 2329 3650 “lack
2370 3608 2422 3650 of
2461 3619 2491 3650 a

1494 3675 1754 3723 quorum.”

1558 3742 1635 3783 14.
1670 3742 1737 3784 ut
1792 3771 1804 3783 .
1858 3771 1871 3784 .
1926 3776 1935 3783 .
1987 3742 2284 3788 coerceret:
2332 3741 2489 3788 subst.

1493 3808 1667 3857 clause,
1700 3808 1828 3860 subj.
1860 3809 1911 3850 ot
1938 3811 2048 3854 erat.
