2975 4367
404 1424 434 1467 ⁷
468 1412 642 1474 iuris,

475 248 649 286 xxxv.
692 232 746 297 2]

403 425 435 465 4
469 434 613 492 que.

1341 230 1577 283 LIBER
1614 230 1703 282 III
2509 232 2576 285 91

705 413 1056 475 Versarent
1119 412 1187 473 in
1250 413 1483 474 animis
1545 431 1765 473 secum
1831 431 2366 491 unamquamque
2417 431 2574 487 rem,

472 513 797 591 agitarent
844 511 1079 574 deinde
1126 512 1534 573 sermonibus
1583 517 1783 589 atque
1830 512 1897 572 in
1945 511 2255 586 medium,
2306 512 2463 590 quid
2511 513 2578 574 in

405 625 435 665 ⁵
471 632 732 691 quaque
766 632 834 674 re
870 612 1014 691 plus
1051 610 1350 673 minusve
1384 617 1575 685 esset,
1615 610 2010 673 conferrent:
2046 631 2155 673 eas
2191 610 2359 689 leges
2395 612 2578 674 habi-

470 718 693 773 turum
732 711 1048 790 populum
1087 711 1482 785 Romanum,
1525 731 1688 789 quas
1726 731 2076 772 consensus
2113 712 2406 773 omnium
2446 733 2596 774 non·

470 813 727 874 iussisse
767 810 934 874 latas
971 811 1177 889 magis
1216 830 1414 890 quam
1454 809 1680 872 tulisse
1720 810 1923 872 videri
1963 818 2201 889 posset.

595 913 758 974 Cum
830 911 910 973 ad
980 930 1269 973 rumores
1339 911 1676 972 hominum
1746 910 1827 972 de
1895 930 2293 991 unoquoque
2361 911 2574 990 legum

472 1013 686 1091 capite
768 1011 980 1074 editos
1062 1012 1222 1073 satis
1306 1017 1633 1073 correctae
1713 1011 2109 1086 viderentur,
2197 1012 2577 1074 centuriatis

471 1113 750 1175 comitiis
792 1111 1016 1174 decem
1060 1110 1438 1173 tabularum
1481 1110 1651 1188 leges
1693 1111 1983 1190 perlatae
2026 1118 2203 1186 sunt,
2249 1112 2362 1190 qui
2404 1132 2576 1173 nunc

471 1231 733 1292 quoque
800 1211 872 1273 in
936 1212 1059 1274 hoc
1125 1211 1444 1273 immenso
1514 1210 1788 1273 aliarum
1853 1229 2048 1289 super
2113 1211 2271 1273 alias
2318 1230 2578 1274 acerva-

471 1319 690 1375 tarum
737 1311 949 1391 legum
1000 1311 1259 1374 cumulo
1310 1311 1455 1373 fons
1504 1312 1716 1373 omnis
1764 1310 2010 1391 publici
2058 1310 2430 1391 privatique
2476 1317 2578 1373 est

734 1413 1055 1492 Vulgatur
1126 1411 1360 1474 deinde
1442 1431 1665 1474 rumor
1745 1410 1911 1474 duas
1992 1410 2213 1474 deesse
2295 1410 2575 1486 tabulas,

472 1513 710 1592 quibus
744 1512 1032 1588 adiectiS,
1068 1511 1320 1575 absolvi
1351 1532 1540 1591 posse
1572 1512 1754 1574 velut
1787 1532 2020 1591 corpus
2052 1511 2264 1574 omnis
2294 1511 2577 1575 Romani

470 1613 643 1675 iuris.

404 1722 437 1767 8
471 1720 724 1792 quaret,
749 1712 1139 1774 desiderium
1175 1711 1578 1774 decemviros
1612 1713 1849 1773 iterum
1885 1711 2148 1774 creandi
2181 1712 2354 1774 fecit.

737 1615 833 1674 Ea
894 1613 1289 1692 expectatiO,
1335 1632 1483 1674 cum
1549 1612 1686 1674 dies
1750 1612 2165 1675 comitiorum
2231 1611 2578 1691 adpropin-

2436 1712 2577 1774 Iam

472 1813 673 1893 plebs,
731 1819 1189 1892 praeterquam
1244 1811 1419 1891 quod
1476 1811 1814 1874 consulum
1869 1832 2110 1876 nomen
2164 1811 2340 1873 haud
2394 1832 2578 1874 secus

474 1933 673 1991 quam
724 1932 948 1990 regum
999 1932 1228 1992 perosa
1275 1918 1436 1987 erat,
1491 1932 1571 1973 ne
1623 1912 2046 1974 tribunicium
2099 1911 2365 1991 quidem
2419 1931 2578 1973 aux-

473 2012 676 2088 ilium,
761 2012 1143 2076 cedentibus
1225 2011 1291 2073 in
1375 2011 1585 2073 vicem
1669 2011 2092 2091 appellationi
2173 2011 2575 2086 decemviris,

472 2113 849 2193 quaerebat.

599 2214 881 2276 XXXV.
931 2214 1293 2292 Postquam
1318 2233 1470 2274 vero
1497 2213 1763 2275 comitia
1783 2212 2167 2274 decemviris
2192 2212 2488 2274 creandis
2511 2212 2578 2274 in

474 2313 719 2375 trinum
753 2313 1123 2376 nundinum
1161 2312 1411 2374 indicta
1445 2314 1622 2388 sunt,
1658 2313 2129 2375 tanta-exarsit
2169 2312 2463 2388 ambitio,
2502 2319 2578 2374 ut

474 2413 784 2491 primores
809 2433 1070 2493 quoque
1094 2413 1382 2475 civitatis
1401 2448 1482 2454 —
1501 2419 1702 2487 metu,
1725 2412 1935 2488 cred0,
1957 2432 2039 2474 ne
2062 2413 2236 2475 tanti
2261 2412 2577 2492 possessio

474 2510 745 2591 imperii,
780 2534 989 2575 vacuo
1021 2513 1104 2575 ab
1132 2533 1200 2574 se
1230 2513 1454 2574 relicto
1486 2512 1646 2588 loc0,
1680 2512 1855 2575 haud
1886 2513 2047 2575 satis
2077 2512 2288 2591 dignis
2320 2518 2578 2592 pateret

475 2645 557 2654 —-
580 2619 962 2691 prensarent
997 2613 1311 2688 homineS,
1349 2613 1663 2674 honorem
1697 2633 1957 2675 summa
1990 2632 2113 2692 ope
2150 2634 2189 2675 a
2221 2633 2289 2676 se
2323 2613 2579 2692 impug-

475 2718 708 2774 natum
758 2713 842 2775 ab
889 2733 968 2776 ea
1016 2712 1223 2792 plebe,
1276 2732 1424 2774 cum
1476 2733 1609 2791 qua
1658 2712 2155 2789 contenderant,
2194 2712 2578 2792 suppliciter

535 2947 585 2989 4.
619 2948 934 2993 versarent:
964 2967 1007 2981 =
1034 2949 1207 2991 versate
1266 2948 1316 2990 in
1381 2947 1471 2990 dir.

474 3013 591 3057 disc.
645 3015 708 3058 in
731 3015 987 3059 medium
1013 3044 1026 3058 .
1054 3044 1067 3058 .
1095 3045 1109 3057 .
1131 3016 1473 3058 comen-ent:

477 3081 660 3131 “bring
714 3093 781 3133 up
838 3083 914 3124 for
968 3092 1096 3133 open
1152 3082 1473 3124 discussion.’'

476 3147 601 3199 plus
630 3149 914 3192 minusve:
943 3149 1230 3191 “excessive
1257 3159 1312 3190 or
1336 3149 1475 3191 inad—

476 3216 706 3264 equate.’'
773 3224 890 3258 non
929 3245 942 3258 .
984 3245 997 3259 .
1038 3245 1051 3258 .
1089 3215 1308 3259 tulisse:
1346 3216 1473 3258 “not

476 3291 530 3323 Βο
560 3282 707 3323 much
739 3285 792 3324 to
823 3283 950 3325 have
982 3282 1133 3327 voted
1165 3283 1292 3325 their
1323 3282 1475 3334 adop-

476 3349 582 3390 tion
605 3349 747 3390 when
772 3350 1027 3400 proposed,
1057 3361 1110 3391 as
1135 3355 1188 3392 to
1213 3350 1340 3393 have
1365 3360 1476 3401 pro-

475 3414 626 3466 posed
658 3416 794 3457 them
827 3417 901 3458 for
932 3416 1222 3468 adoption.”

539 3486 587 3527 6.
623 3483 694 3526 ad
726 3490 977 3525 rumores
1004 3512 1017 3525 .
1044 3512 1056 3525 .
1082 3512 1095 3526 .
1116 3483 1319 3527 editos:
1355 3485 1477 3526 “ac-

475 3549 685 3600 cording
736 3553 790 3592 to
835 3550 919 3592 the
963 3551 1112 3592 views
1164 3552 1474 3602 expressed.’'

475 3615 601 3659 tom
629 3645 642 3658 .
670 3645 684 3659 .
711 3646 725 3659 .
747 3616 908 3660 iuris:
931 3617 1051 3668 they
1073 3628 1197 3659 were
1219 3629 1400 3667 graven
1423 3618 1474 3660 in

474 3683 667 3732 bronze.
695 3684 869 3734 posted
900 3686 994 3733 (57.
1026 3685 1119 3735 10),
1148 3684 1245 3726 and
1279 3684 1476 3726 accord-

476 3752 560 3801 ing
580 3753 633 3793 to
658 3752 820 3793 Cicero
850 3752 929 3799 (de
954 3752 1065 3802 Leg.
1093 3757 1136 3796 2.
1165 3752 1233 3802 9),
1269 3763 1391 3794 even
1423 3754 1474 3797 in

475 3817 552 3861 his
584 3819 703 3861 tIme
723 3829 848 3859 were
869 3817 1064 3860 learned
1081 3817 1150 3869 by
1164 3818 1472 3868 schoolboys.

1639 2948 1687 2989 8.
1722 2946 2073 2991 cedentibus:
2147 2947 2233 2991 the
2305 2947 2576 2990 decemvirs

1575 3015 1736 3057 would
1805 3026 1914 3057 now
1981 3016 2120 3057 allow
2188 3015 2388 3067 appeals
2450 3015 2575 3056 from

1576 3093 1668 3124 one
1712 3083 1763 3124 of
1821 3083 1948 3124 their
1995 3083 2203 3124 number
2249 3086 2302 3124 to
2350 3082 2571 3130 another.

1576 3149 1783 3191 because
1815 3150 1901 3192 the
1932 3150 2059 3199 plebs
2091 3148 2190 3190 had
2224 3148 2412 3191 waived
2448 3149 2575 3191 their

1575 3216 1947 3258 constitutional
2000 3215 2270 3264 defenders‚
2319 3216 2404 3258 the
2456 3216 2576 3257 trib-

1576 3293 1710 3325 unes.

1638 3347 1852 3393 XXXV.
1909 3352 1955 3395 1.
2011 3350 2073 3392 in
2112 3349 2332 3393 trinum
2370 3349 2577 3393 nundi-

1575 3424 1742 3459 num:
1778 3417 1893 3458 “for
1927 3417 2011 3459 the
2044 3416 2175 3458 third
2207 3417 2398 3459 mai-ket
2424 3417 2574 3468 day,'’

1573 3484 1651 3526 Le.
1685 3484 1811 3525 after
1837 3487 1888 3526 at
1914 3484 2037 3526 least
2065 3488 2329 3525 seventeen
2356 3483 2494 3534 days.

1637 3552 1686 3592 2.
1719 3551 1935 3593 relicto:
1959 3551 2274 3593 conditional.
2334 3560 2367 3594 a
2390 3559 2447 3594 se
2469 3551 2574 3593 im-

1574 3617 1921 3669 pugnatum:
1958 3618 2154 3659 “which
2189 3618 2308 3669 they
2343 3618 2439 3660 had
2476 3619 2570 3660 for-

1574 3685 1729 3735 merly
1757 3684 2025 3736 opposed‚”
2055 3685 2263 3728 because
2290 3685 2501 3735 through
2534 3686 2572 3728 it

1575 3752 1660 3794 the
1695 3752 1822 3801 plebs
1856 3762 1980 3794 were
2014 3762 2149 3794 more
2183 3751 2333 3802 likely
2371 3756 2423 3794 to
2460 3752 2573 3802 gain

1574 3817 1779 3868 ground.
