2975 4367
496 254 598 306 138
1382 250 1445 306 T.
1484 248 1645 307 LIVI

2462 250 2518 317 [i.
2557 255 2591 306 4

491 435 575 498 ab
636 419 823 498 nobis
882 454 966 497 ex
1025 432 1280 497 foedere
1341 434 1660 515 repetitae
1720 434 2002 510 fuerant,
2064 431 2142 497 iis
2201 454 2333 497 non
2393 434 2589 499 fuisse

491 533 668 597 cordi
732 540 874 596 tam
937 534 1212 614 superbe
1278 535 1361 597 ab
1428 533 1745 597 Romanis
1808 533 2084 598 foederis
2146 534 2589 613 expiationem

426 650 455 691 5
489 640 798 713 spretam.
889 633 1060 710 Quid
1088 634 1263 696 enim
1303 633 1479 697 ultra
1521 634 1656 697 fieri
1698 633 1782 697 ad
1824 633 2179 714 placandos
2219 633 2375 697 deos
2418 635 2591 698 miti-

491 734 866 814 gandosque
931 735 1224 798 homines
1286 735 1527 815 potuit,
1593 754 1795 816 quam
1859 733 2035 813 quod
2099 755 2218 798 nos
2282 734 2590 798 fecimus?

491 834 622 897 Res
659 834 947 897 hostium
1001 833 1068 896 in
1120 834 1365 914 praeda
1417 841 1666 914 captas,
1712 853 1881 914 quae
1934 832 2083 895 belli
2136 834 2274 896 iure
2328 842 2590 898 nostrae

425 948 455 989 e
490 933 904 1010 videbantur,
964 934 1328 998 remisimus
1338 954 1355 1011 3
1415 941 1713 998 auctores
1770 932 1939 1009 belli,
2001 932 2156 1013 quia
2214 934 2400 998 vivos
2455 956 2589 998 non

490 1033 846 1112 potuimus,
894 1033 1270 1114 perfunctos
1316 1025 1446 1097 iam
1494 1034 1633 1096 fato
1679 1033 2075 1110 dedidimus,
2120 1033 2296 1097 bona
2339 1055 2584 1111 eorum,

490 1152 570 1196 ne
639 1132 796 1213 quid
864 1153 946 1196 ex
1014 1133 1399 1210 contagione
1467 1154 1679 1196 noxae
1746 1140 2110 1196 remaneret
2178 1154 2376 1214 penes
2445 1155 2584 1209 nos,

427 1248 455 1290 ⁷
492 1232 775 1295 Romam
841 1234 1268 1313 portavimus.
1360 1233 1531 1308 Quid
1601 1232 1775 1296 ultra
1840 1232 1983 1309 tibi,
2054 1234 2372 1310 Romane,
2430 1234 2586 1315 quid

490 1331 752 1409 foederi,
817 1333 973 1413 quid
1038 1333 1158 1396 diis
1221 1333 1480 1409 arbitris
1543 1333 1816 1396 foederis
1876 1332 2120 1396 debeo?
2207 1333 2417 1408 Quem
2466 1332 2589 1397 tibi

489 1438 755 1494 tuarum
820 1433 1082 1509 irarum,
1153 1454 1348 1514 quem
1416 1453 1709 1495 meorum
1774 1432 2240 1512 suppliciorum
2307 1433 2588 1497 iudicem

488 1530 732 1594 feram?
821 1532 1184 1609 Neminem,
1247 1553 1457 1613 neque
1540 1532 1857 1614 populum
1937 1553 2148 1614 neque
2228 1533 2586 1615 privatum,

424 1647 455 1690 8
487 1631 686 1711 fugio,
776 1632 952 1713 quod
992 1633 1047 1696 si
1087 1632 1248 1695 nihil
1290 1654 1440 1696 cum
1481 1634 1850 1714 potentiore
1890 1633 2045 1696 iuris
2086 1634 2360 1697 humani
2398 1634 2589 1697 relin-

491 1732 717 1811 quitur
751 1732 948 1812 inopi,
988 1739 1057 1796 at
1093 1753 1210 1812 ego
1248 1732 1331 1796 ad
1368 1733 1523 1796 deos
1561 1732 1848 1796 vindices
1884 1732 2330 1797 intolerandae
2365 1754 2590 1814 super-

489 1831 634 1894 biae
698 1833 1069 1912 confugiam
1129 1840 1197 1896 et
1258 1833 1591 1914 precabor,
1653 1839 1731 1896 ut
1791 1833 1919 1896 iras
1980 1854 2130 1897 suas
2194 1841 2458 1898 vertant
2517 1834 2588 1898 in

391 1948 454 1989 ⁷9
487 1952 616 2008 eos,
668 1933 904 2012 quibus
952 1954 1083 1995 non
1129 1954 1286 1997 suae
1348 1933 1644 1997 redditae
1704 1953 1825 2010 res,
1875 1955 2008 1996 11011
2076 1933 2322 1997 alienae
2391 1934 2589 1998 adcu-

490 2031 778 2095 mulatae
805 2033 964 2096 satis
991 2033 1150 2110 sint;
1189 2054 1467 2114 quorum
1493 2033 1838 2097 saevitiam
1863 2054 1996 2096 non
2021 2054 2193 2098 mors
2217 2034 2583 2111 noxiorum,

489 2152 622 2194 non
651 2131 897 2195 deditio
926 2134 1451 2197 exanimatorum
1484 2154 1848 2213 corporum,
1881 2155 2013 2196 non
2043 2134 2217 2197 bona
2244 2135 2588 2215 sequentia

488 2231 736 2293 domini
779 2231 1178 2295 deditionem
1223 2234 1577 2309 exsatient,
1624 2234 1735 2314 qui
1780 2233 2021 2312 placari
2065 2241 2415 2314 nequeant,
2461 2235 2586 2298 nisi

488 2331 920 2394 hauriendum
957 2333 1339 2411 sanguinem
1379 2332 1816 2413 laniandaque
1857 2333 2103 2397 viscera
2140 2341 2365 2397 nostra
2401 2354 2587 2414 prae-

394 2449 453 2490 10
488 2431 837 2495 buerimus.
931 2432 1189 2494 Iustum
1237 2439 1337 2496 est
1387 2432 1650 2509 bellum,
1704 2434 2049 2509 Samnites,
2091 2433 2327 2514 quibus
2364 2454 2582 2498 neces-

487 2532 751 2608 sarium,
782 2538 850 2596 et
879 2531 990 2613 pia
1020 2553 1220 2608 arma,
1253 2531 1491 2613 quibus
1520 2531 1699 2595 nulla
1727 2533 1849 2596 nisi
1878 2533 1945 2594 in
1975 2534 2170 2596 armis
2198 2532 2605 2614 relinquitur·

392 2650 448 2689 11
485 2651 649 2710 spes.
741 2631 1040 2708 Proinde,
1127 2652 1277 2695 cum
1372 2652 1589 2695 rerum
1685 2633 2123 2696 humanarum
2220 2635 2582 2697 maximum

487 2739 895 2794 momentum
966 2733 1073 2808 sit,
1149 2753 1348 2813 quam
1421 2733 1720 2813 propitiis
1791 2754 1949 2809 rem,
2025 2754 2223 2814 quam
2299 2734 2584 2798 adversis

487 2838 685 2910 agant
733 2832 876 2907 diis,
926 2852 1043 2912 pro
1090 2840 1266 2896 certo
1314 2832 1551 2895 habete
1597 2832 1814 2913 priora
1858 2832 2027 2896 bella
2073 2833 2383 2897 adversus
2427 2834 2584 2898 deos

486 2931 690 3012 magis
731 2953 930 3012 quam
974 2933 1266 2995 homines
1307 2933 1593 3011 gessisse,
1637 2933 1779 3008 hoc,
1822 2932 1999 3012 quod
2040 2933 2265 3009 instat,
2308 2933 2582 2998 ducibus

485 3031 639 3110 ipsis
670 3032 792 3094 diis
825 3033 1159 3111 gesturos!

547 3236 595 3278 6.
629 3236 910 3280 auctorent
937 3236 1091 3280 either
1116 3236 1375 3280 rhetorical
1402 3247 1485 3279 ex-

483 3305 782 3354 aggeration,
822 3314 878 3346 or
917 3305 1043 3355 Livy
1079 3304 1194 3346 here
1231 3304 1417 3346 follows
1455 3313 1485 3344 a

484 3370 722 3413 tradition
773 3371 885 3414 that
937 3372 1070 3421 gives
1122 3371 1304 3422 Papius
1353 3381 1486 3413 asso-

483 3438 650 3481 ciatae.
755 3438 1080 3489 perfunctos
1151 3439 1269 3481 iam
1338 3437 1484 3482 tato:

483 3505 806 3557 euphemistic
830 3506 905 3548 for
927 3507 1147 3548 mortuos.
1203 3513 1403 3549 noxae:
1433 3523 1475 3539 ==

483 3572 674 3621 noxiae,-
707 3576 835 3625 part.
870 3583 977 3623 gen.
1012 3573 1132 3615 with
1165 3573 1291 3623 quid.

548 3640 596 3682 7.
629 3641 905 3684 Romane:
930 3639 1016 3682 the
1039 3640 1338 3692 apostrophe
1360 3640 1485 3695 adds

485 3706 675 3757 greatly
737 3710 791 3748 to
853 3707 940 3750 the
1000 3706 1258 3749 rhetorical
1322 3707 1482 3751 effect.

483 3772 687 3816 teram:
715 3773 927 3823 “offen”
952 3774 1030 3817 Le.
1058 3785 1113 3816 as
1138 3774 1405 3818 arbitrator
1430 3778 1485 3818 to

483 3840 633 3892 judge
657 3840 742 3883 the
766 3842 936 3883 merits
960 3841 1012 3882 ot
1035 3841 1120 3883 the
1144 3850 1270 3885 case.

1647 3237 1696 3278 8.
1729 3234 1892 3280 iuris:
1919 3237 2040 3280 with
2066 3238 2205 3282 nihil.
2267 3238 2370 3282 The
2395 3243 2583 3291 protest

1583 3304 1624 3347 is
1647 3304 1839 3354 against
1864 3305 2065 3355 might’s
2087 3306 2290 3356 making
2311 3306 2457 3358 right.

1646 3370 1696 3413 9.
1731 3370 1945 3415 menae
1990 3372 2412 3417 adcumulatae:
2458 3375 2586 3419 “the

1583 3438 1808 3481 addition
1825 3439 1876 3481 of
1893 3439 2004 3482 that
2021 3439 2283 3491 belonging
2298 3444 2351 3483 to
2366 3441 2584 3486 others.'’

1649 3505 1728 3548 10.
1762 3506 1990 3550 Iustum
2022 3506 2251 3557 bellum,
2277 3508 2370 3559 ma
2401 3517 2582 3554 arma:

1584 3576 1713 3616 most
1766 3573 1993 3616 essential
2046 3575 2325 3618 conditions
2377 3576 2502 3619 from
2553 3586 2585 3620 a

1586 3641 1781 3683 Roman
1806 3642 1946 3693 point
1971 3642 2024 3684 of
2046 3642 2184 3692 view,
2213 3642 2507 3695 technically
2531 3647 2584 3688 at

1585 3708 1724 3751 least.

1650 3775 1729 3818 11.
1762 3776 1963 3827 agant:
2023 3786 2089 3820 sc.
2149 3776 2376 3821 homines.

1585 3842 1743 3885 111103
1773 3853 1840 3885 sc.
1870 3854 1950 3886 vos
1978 3844 2104 3885 from
2134 3844 2305 3889 habete.

2468 3785 2588 3830 ‘00-
