2975 4367
413 289 512 341 110
1326 285 1391 338 Τ.
1427 284 1586 338 LIVI
2214 284 2435 348 [xxxiii.
2475 289 2510 338 2

411 469 774 548 voluptate,
821 471 1086 548 captam
1132 464 1328 547 Alpes
1372 466 1681 529 transisse
1726 485 2041 547 agrosque
2086 468 2170 530 ab
2216 467 2509 531 Etruscis

346 583 375 624 3
413 575 565 633 ante
621 567 830 631 cultos
884 566 1242 647 possedisse
1252 587 1269 643 ;
1324 573 1392 629 et
1447 566 1769 628 invexisse
1823 567 1891 645 in
1946 566 2224 629 Galliam
2281 568 2508 630 vinum

411 667 792 732 inliciendae
858 667 1067 747 gentis
1133 687 1329 729 causa
1394 665 1746 728 Arruntem
1782 666 2148 730 'Clusinum
2213 667 2310 730 ira
2375 688 2511 731 cor-

412 775 645 849 ruptae
686 767 905 830 uxoris
945 767 1028 829 ab
1070 767 1466 842 Lucumone,
1511 766 1613 828 cui
1652 772 1836 828 tutor
1874 767 2010 846 ipse
2049 766 2284 844 fuerat,
2326 788 2511 848 prae-

413 874 683 950 potente
743 868 976 930 iuvene
1034 873 1101 929 et
1163 888 1202 929 a
1261 868 1390 947 quo
1449 866 1671 946 expeti
1731 887 1996 946 poenae,
2059 868 2181 929 nisi
2239 873 2514 930 externa

350 985 380 1025 4
416 970 513 1032 vis
559 968 858 1050 quaesita
901 973 1090 1043 esset,
1139 967 1482 1047 nequirent
1494 987 1511 1043 ;
1557 966 1730 1028 hunc
1766 968 2268 1031 ⁴transeuntibus
2314 967 2512 1047 Alpes

414 1070 647 1133 ducem
683 1075 1146 1147 auctoremque
1180 1067 1469 1130 Clusium
1502 1066 1929 1146 oppugnandi
1959 1066 2173 1130 fuisse.

351 1187 382 1227 4
540 1168 825 1231 XXXV.
874 1167 1116 1231 Clusini
1173 1188 1345 1230 novo
1405 1166 1573 1229 bello
1631 1167 1945 1243 exterriti,
2007 1188 2156 1230 cum
2215 1168 2514 1231 multitu-

416 1270 656 1345 dinem,
718 1290 864 1331 cum
926 1268 1167 1330 formas
1227 1266 1567 1329 hominum
1624 1265 1995 1329 invisitatas
2055 1272 2387 1330 cernerent
2445 1272 2514 1330 et

417 1389 616 1450 genus
675 1388 1027 1443 armorum,
1090 1367 1521 1447 audirentque
1578 1386 1771 1445 saepe
1830 1366 1914 1429 ab
1973 1366 2048 1430 iis
2108 1367 2197 1430 cis
2256 1366 2511 1430 Padum

420 1469 719 1550 ultraque
754 1469 1034 1548 legiones
1070 1469 1495 1529 Etruscorum
1529 1465 1726 1542 fusaS‚
1764 1487 2167 1547 quamquam
2202 1467 2514 1530 adversus

419 1571 752 1634 Romanos
794 1568 1045 1631 nullum
1087 1568 1178 1630 eis
1219 1567 1319 1629 ius
1360 1567 1694 1629 societatis
1737 1566 2145 1630 amicitiaeve
2185 1566 2515 1644 erat,‘nisi

419 1669 593 1750 quod
642 1668 945 1731 Veientes
993 1667 1503 1746 consanguineos
1552 1666 1862 1729 adversus
1908 1667 2225 1748 populum
2273 1668 2516 1730 Roma-

418 1790 578 1832 num
637 1790 769 1831 non
828 1767 1290 1843 defendissent,
1353 1766 1600 1847 legatos
1661 1767 1964 1844 Romam,
2026 1767 2139 1848 qui
2201 1766 2515 1831 auxilium

354 1886 385 1929 5
420 1868 505 1932 ab
557 1875 790 1931 senatu
846 1874 1164 1948 peterent,
1223 1867 1470 1929 misere.
1564 1869 1662 1929 De
1719 1867 1958 1930 auxilio
1992 1868 2152 1929 nihil
2206 1868 2518 1946 impetra-

419 1974 564 2032 tum
575 1989 590 2045 ς
630 1968 826 2047 legati
865 1974 996 2030 tres
1036 1968 1120 2029 M.
1163 1967 1327 2030 Fabi
1365 1967 1672 2030 Ambusti
1711 1966 1824 2028 filii
1861 1967 2058 2044 missi,
2101 1967 2213 2048 qui
2249 1974 2518 2031 senatus

419 2067 772 2149 populique
834 2068 1117 2130 Romani
1174 2068 1437 2129 nomine
1499 2073 1778 2160 agerent·
1823 2089 1973 2130 cum
2033 2067 2252 2144 Gallis,
2314 2087 2414 2144 ne,
2478 2088 2520 2130 a

420 2169 656 2249 quibus
685 2167 933 2230 nullam
961 2168 1264 2230 iniuriam
1294 2167 1714 2246 accepissent,
1744 2168 1951 2230 socios
1981 2167 2204 2248 populi
2233 2167 2517 2230 Romani
2578 2249 2582 2252 Α

355 2285 385 2327 6
420 2275 619 2349 at‘que
663 2268 904 2331 amicos
945 2273 1428 2347 oppugnarent:
1515 2267 1830 2330 Romanis
1871 2288 1981 2349 eos
2022 2266 2190 2330 bello
2233 2287 2515 2348 quoque,

418 2367 467 2430 si
499 2388 599 2431 res
628 2374 838 2446 cogat,
864 2366 1144 2430 tuendos
1170 2387 1334 2442 esse;
1379 2365 1493 2429 sed
1518 2366 1746 2429 melius
1771 2367 1985 2430 visum
2022 2360 2264 2430 bellum
2301 2367 2517 2447 ipsum

420 2467 727 2543 amoveri,
763 2467 818 2530 si
852 2473 1091 2547 posset,
1128 2473 1196 2529 et
1232 2465 1469 2542 Gallos,
1508 2487 1751 2528 novam
1786 2468 2067 2546 gentem,
2104 2487 2263 2547 pace
2298 2467 2518 2547 potius

419 2567 717 2647 cognosci
756 2588 957 2647 quam
998 2567 1211 2629 armis.

357 2686 379 2726 1
543 2667 865 2729 XXXVI.
916 2667 1092 2729 Mitis
1135 2666 1395 2746 legati0,
1441 2666 1510 2729 ni
1553 2667 1954 2747 praeferoces
1996 2666 2244 2747 legatos
2289 2666 2520 2731 Gallis-

417 2787 545 2848 que
604 2766 808 2846 magis
867 2788 1068 2847 quam
1128 2767 1445 2831 Romanis
1493 2765 1734 2829 similes
1784 2767 2138 2830 habuisset.
2242 2766 2515 2843 Quibus,

417 2874 771 2947 postquam
852 2866 1168 2929 mandata
1244 2866 1591 2928 ediderunt
1667 2867 1736 2929 in
1814 2865 2082 2930 concilio
2161 2867 2516 2943 Gallorum,

354 2985 383 3026 2
416 2966 614 3029 datur
660 2987 1069 3046 responsum:
1116 2966 1239 3028 etsi
1286 2987 1532 3028 novum
1580 2987 1818 3029 nomen
1866 2966 2140 3030 audiant
2187 2969 2518 3030 Romano-

417 3087 582 3141 rum,
633 3073 856 3129 tamen
903 3066 1159 3128 credere
1205 3066 1377 3128 viros
1423 3066 1625 3129 fortes
1669 3087 1826 3143 esse,
1876 3088 2156 3147 quorum
2203 3065 2517 3130 auxilium

353 3185 382 3227 3
418 3187 458 3229 a
517 3165 791 3229 Clusinis
851 3166 919 3228 in
978 3187 1044 3228 re
1103 3166 1362 3246 trepida
1420 3165 1506 3228 sit
1565 3166 1989 3245 imploratum
2001 3188 2017 3244 ;
2076 3174 2145 3230 et
2205 3166 2517 3247 quoniam

421 3266 742 3346 legatione
779 3265 1089 3329 adversus
1125 3286 1193 3328 se
1230 3265 1579 3328 maluerint
1616 3287 1816 3346 quam
1854 3266 2048 3329 armis
2086 3266 2254 3331 tueri
2289 3266 2515 3341 socios,

477 3417 528 3461 8.
562 3416 645 3460 lta
674 3447 687 3461 .
718 3448 730 3461 .
761 3447 774 3461 .
798 3417 1010 3461 uxorin:
1035 3427 1114 3460 see
1137 3427 1203 3459 on
1231 3417 1272 3460 1.
1298 3417 1343 3460 5.
1370 3417 1415 3459 3.
1516 3417 1735 3462 alliance.

416 3485 508 3530 cul
532 3514 545 3528 .
570 3514 583 3528 .
608 3485 950 3528 Auel-anses
966 3495 1032 3527 on
1049 3495 1153 3535 quo,
1176 3486 1221 3527 2.
1242 3486 1318 3527 32.
1343 3486 1415 3527 11.
1580 3487 1628 3528 ο.
1663 3487 1828 3537 cogat
1873 3515 1887 3530 .
1933 3516 1946 3530 .
1992 3516 2005 3529 .
2046 3487 2257 3539 posset:
2297 3486 2519 3537 changed

479 3552 695 3596 XXXV.
729 3552 779 3595 4.
813 3551 1079 3595 advertus
1109 3554 1417 3597 Romanos:
1516 3553 1656 3604 point
1704 3553 1756 3594 of
1801 3553 1942 3597 view,
2024 3553 2096 3596 Cf.
2144 3554 2333 3605 πορείαν
2380 3585 2392 3597 .
2442 3585 2454 3598 .
2507 3585 2520 3599 .

425 3638 469 3654 =
495 3631 603 3664 cum
632 3619 879 3663 Romanis.
1516 3619 1704 3670 possent
1735 3620 1830 3667 (36.
1858 3620 1928 3670 4).

480 3690 529 3732 δ.
561 3687 734 3739 legati
779 3716 793 3730 .
837 3716 851 3749 ·.
895 3716 909 3730 .
950 3687 1132 3730 missi:
1171 3687 1292 3730 with
1330 3687 1419 3729 ad·
1580 3685 1823 3730 XXXVI.
1860 3687 1908 3729 1.
1944 3687 2101 3731 mstis
2146 3716 2160 3730 .
2205 3717 2218 3731 .
2264 3716 2277 3730 .
2316 3687 2401 3730 m:
2441 3698 2522 3731 see

415 3756 662 3799 versative
705 3756 850 3797 force.
926 3754 1119 3805 socios,
1165 3758 1280 3797 etc.:
1324 3754 1416 3797 but
1516 3764 1580 3796 on
1615 3756 1656 3797 1.
1688 3755 1764 3797 48.
1796 3755 1840 3797 9.

416 3833 496 3866 see
530 3822 719 3865 nullum
755 3822 837 3867 ius
879 3822 967 3872 (4).
1039 3821 1142 3864 The
1180 3820 1414 3870 Romans,
1578 3822 1630 3864 8.
1684 3819 1871 3866 auter:
1966 3833 1997 3866 a
2091 3822 2379 3876 diplomatic
2473 3820 2522 3868 δι’

415 3889 655 3938 however.
687 3898 804 3940 may
832 3888 961 3932 have
989 3887 1135 3932 made
1163 3898 1192 3930 a
1219 3888 1417 3931 hurried
1516 3887 1696 3935 minus.
