2975 4367
316 857 377 899 10

318 1358 375 1400 11

319 1760 381 1802 12

412 355 487 409 xl.
526 354 579 420 2]
1304 356 1543 410 LIBER
1578 357 1609 409 I
2442 361 2509 412 71

414 537 726 614 homines,
779 537 1057 601 victores
1105 538 1397 601 omnium
1448 539 1617 601 circa
1662 536 2073 618 populorum,
2123 539 2386 619 opifices
2435 559 2510 602 ac

415 637 725 717 lapicidas
785 657 904 718 pro
968 637 1388 702 bellatoribus
1449 638 1678 702 factos.
1770 639 2048 719 Indigna
2111 640 2291 702 Servi
2341 639 2510 701 Tulli

413 737 577 817 regis
615 744 978 800 memorata
1019 738 1246 801 caedes
1283 745 1352 801 et
1388 738 1653 801 invecta
1691 739 1941 818 corpori
1979 739 2188 819 patris
2226 739 2510 802 nefando

415 836 710 900 vehiculo
779 837 929 913 filia,
997 838 1418 918 invocatique
1482 838 1729 902 ultores
1786 845 2138 919 parentum
2186 838 2296 901 dii.
2387 839 2510 902 His

415 937 992 1017 atrocioribusque,
1038 938 1248 1014 credo,
1293 938 1452 1014 aliis,
1497 958 1664 1019 quae
1705 958 2008 1018 praesens
2047 958 2261 1001 rerum
2303 938 2511 1018 indig-

414 1038 588 1100 nitas
648 1037 1162 1118 haudquaquam
1222 1037 1431 1101 relatu
1492 1038 1915 1118 scriptoribus
1974 1038 2189 1101 facilia
2247 1038 2506 1113 subicit,

416 1138 791 1200 memoratis
844 1138 1175 1201 incensam
1233 1138 1723 1201 multitudinem
1794 1138 2096 1218 perpulit,
2154 1144 2232 1201 ut
2308 1138 2513 1217 impe-

414 1237 584 1298 rium
636 1238 767 1316 regi
821 1237 1182 1317 abrogaret,
1256 1238 1637 1317 exsulesque
1703 1257 1840 1301 esse
1904 1238 2155 1301 iuberet
2225 1239 2293 1299 L.
2356 1238 2512 1299 Tar-

416 1337 712 1417 quinium
771 1357 920 1398 cum
980 1338 1248 1417 coniuge
1309 1358 1381 1400 ac
1440 1336 1675 1401 liberis.
1766 1338 1916 1417 Ipse
1975 1337 2351 1413 iunioribus,
2398 1336 2511 1417 qui

415 1436 588 1499 ultro
629 1437 896 1500 nomina
935 1436 1207 1514 dabant,
1254 1437 1434 1501 lectis
1477 1438 1877 1519 armatisque
1920 1437 2004 1500 ad
2047 1436 2510 1500 concitandum

415 1536 566 1600 inde
623 1537 934 1601 adversus
989 1557 1204 1617 regem
1260 1538 1620 1600 exercitum
1678 1537 1961 1600 Ardeam
2017 1537 2086 1600 in
2141 1544 2355 1600 castra
2410 1544 2512 1600 est

416 1637 772 1717 profectus;
827 1638 1172 1718 imperium
1228 1639 1296 1700 in
1350 1638 1511 1700 urbe
1568 1638 1887 1714 Lucreti0,
1945 1637 2276 1717 praefecto
2331 1637 2512 1699 urbis

416 1738 548 1799 iam
584 1744 739 1800 ante
775 1738 858 1800 ab
893 1757 1040 1818 rege
1069 1738 1396 1813 institutO,
1423 1737 1749 1819 relinquit.
1842 1739 2025 1800 Inter
2058 1737 2230 1799 hunc
2266 1736 2511 1800 tumul-

418 1844 561 1899 tum
628 1837 838 1900 Tullia
903 1837 1098 1900 domo
1167 1837 1453 1917 profugit
1519 1837 2026 1913 exsecrantibus,
2096 1855 2511 1917 quacumque

417 1936 778 2014 incedebat,
811 1937 1399 2018 invocantibusque
1430 1944 1780 2017 parentum
1811 1936 2012 2000 furias
2044 1936 2199 2000 viris
2229 1935 2513 1997 mulieri-

419 2035 686 2118 busque.
2159 2055 2164 2060 ·

542 2138 681 2199 LX.
731 2137 986 2200 Harum
1022 2157 1236 2199 rerum
1273 2138 1521 2201 nuntiis
1572 2138 1641 2201 in
1677 2145 1891 2202 castra
1924 2137 2210 2217 perlatis,
2252 2157 2400 2198 cum
2445 2156 2513 2198 re

418 2257 591 2299 nova
644 2236 937 2317 trepidus
992 2258 1107 2299 rex
1160 2244 1454 2317 pergeret
1512 2239 1794 2301 Romam
1851 2238 1933 2301 ad
1992 2236 2512 2317 comprimendos

418 2343 656 2412 motus,
694 2338 875 2400 flexit
907 2338 1084 2399 viam
1117 2338 1363 2400 Brutus
1389 2374 1471 2380 —
1495 2345 1782 2401 senserat
1813 2339 1988 2401 enim
2021 2337 2382 2400 adventum
2409 2372 2509 2412 —,

416 2455 497 2498 ne
535 2436 769 2500 obvius
810 2438 1017 2514 fieret;
1057 2436 1416 2518 eodemque
1457 2438 1587 2499 fere
1628 2445 1920 2518 tempore
1960 2437 2230 2500 diversis
2269 2437 2514 2500 itineri-

420 2536 539 2599 bus
619 2538 865 2600 Brutus
946 2537 1248 2612 Ardeam,
1333 2538 1724 2618 Tarquinius
1805 2539 2087 2600 Romam
2169 2543 2508 2600 venerunt.

415 2637 767 2717 Tarquinio
829 2637 1084 2700 clausae
1142 2644 1372 2718 portae
1445 2637 1873 2718 exsiliumque
1947 2638 2268 2700 indictum
2279 2657 2295 2715 ;
2356 2636 2514 2698 libe-

414 2744 698 2799 ratorem
723 2737 905 2800 urbis
933 2737 1106 2800 laeta
1146 2744 1360 2800 castra
1400 2757 1722 2817 accepere,
1751 2740 2096 2819 exactique
2135 2736 2285 2800 inde
2326 2736 2509 2798 liberi

414 2836 597 2916 regis.
689 2840 836 2900 Duo
899 2845 1155 2917 patrem
1216 2838 1421 2900 secuti
1482 2844 1658 2914 sunt,
1710 2838 1822 2919 qui
1882 2837 2255 2901 exsulatum
2315 2837 2512 2899 Caere

413 2937 482 2999 in
533 2938 843 3000 Etruscos
890 2938 1124 3001 ierunt.
1216 2939 1361 3001 Sex.
1413 2938 1805 3018 Tarquinius
1854 2938 2114 3013 Gabios,
2167 2945 2512 3017 tamquam

413 3037 482 3099 in
523 3057 714 3099 suum
756 3057 1046 3116 regnum,
1089 3038 1421 3117 profectus
1463 3038 1549 3100 ab
1589 3037 1910 3101 ultoribus
1953 3045 2249 3101 veterum
2289 3036 2513 3099 simul-

415 3136 676 3212 tatium,
737 3157 900 3217 quas
955 3137 1078 3200 sibi
1134 3138 1269 3216 ipse
1327 3137 1632 3201 caedibus
1689 3137 2061 3218 rapinisque
2119 3137 2509 3210 conciverat,

479 3288 558 3331 1⁰.
592 3288 979 3339 scriptoribus:
1003 3288 1106 3333 dat.
1124 3291 1176 3332 of
1189 3291 1276 3333 ref.
1293 3290 1413 3332 with

412 3356 602 3408 facilia,-
618 3356 702 3399 the
715 3356 865 3399 latter
878 3357 919 3399 is
932 3357 980 3398 in
1000 3358 1281 3408 apposition
1292 3358 1414 3400 with

1515 3290 1727 3339 Tacitus.
1761 3292 1885 3333 Ann.
1915 3291 1959 3333 6.
1993 3292 2064 3333 11.

1578 3359 1656 3400 12.
1690 3357 1894 3402 Tullia:
1946 3361 2063 3400 note
2113 3357 2199 3400 the
2248 3356 2514 3399 novel-like

413 3434 548 3474 quae.
617 3423 850 3467 subicit:
887 3423 1110 3475 “always
1139 3425 1413 3474 suggestS.’¹

413 3491 519 3533 The
549 3490 705 3534 whole
742 3491 954 3541 thought
999 3492 1040 3533 is
1078 3492 1164 3535 the
1200 3492 1412 3542 graceful

414 3558 602 3602 tribute
620 3559 672 3600 of
693 3568 723 3600 a
744 3559 910 3600 writer
933 3562 987 3601 to
1011 3558 1095 3601 the
1120 3559 1414 3602 vehemence

412 3625 513 3668 and
548 3626 679 3668 force
711 3625 763 3667 of
796 3625 882 3667 the
916 3626 1102 3676 spoken
1135 3626 1285 3668 word.

479 3692 559 3735 11.
592 3693 834 3737 Ardeam
865 3692 928 3735 m
962 3693 1167 3735 castra:
1189 3694 1240 3735 in
1267 3694 1412 3735 Latin

413 3760 534 3803 each
551 3760 688 3810 place
701 3760 742 3802 is
757 3759 1074 3802 destination.
1132 3760 1413 3810 praetacto

414 3826 595 3871 urbia:
636 3827 722 3870 the
761 3827 917 3869 urban
960 3828 1144 3877 prefect
1195 3839 1294 3869 was
1345 3828 1414 3869 al-

411 3904 550 3945 ways
601 3893 980 3943 ·‘acting-king''
1031 3896 1079 3938 in
1126 3894 1211 3936 the
1253 3895 1412 3943 king's

411 3962 635 4008 absence.
668 3972 727 4003 ne
755 3962 866 4002 urbs
895 3961 999 4003 sine
1041 3961 1242 4011 imperio
1280 3962 1407 4010 toret.

1512 3425 1715 3467 interest
1774 3425 1825 3467 in
1884 3425 2137 3476 reporting
2195 3424 2316 3466 each
2374 3424 2513 3466 char-

1513 3492 1688 3534 acter's
1723 3492 1840 3534 fate.

1577 3559 1682 3601 LX.
1718 3560 1766 3600 1.
1800 3558 1955 3601 flexit
2011 3558 2190 3600 viam:

1512 3626 1587 3668 his
1626 3626 1844 3669 course.”
1916 3626 2019 3668 The
2056 3626 2270 3676 position
2310 3625 2512 3667 relieves

1514 3693 1598 3736 the
1638 3694 1827 3735 instant
1870 3692 2083 3743 thought
2127 3692 2239 3735 that
2283 3693 2369 3735 the
2411 3695 2510 3734 two

1512 3760 1673 3803 would
1695 3764 1840 3803 meet.

1573 3829 1623 3870 2.
1657 3828 1959 3878 'tarquinio
1991 3856 2005 3869 .
2038 3855 2051 3868 .
2086 3855 2099 3869 .
2126 3826 2510 3869 liberatorem:

1514 3894 1639 3937 their
1707 3895 1956 3945 reception
2024 3895 2065 3936 is
2134 3891 2388 3936 remarked
2458 3893 2507 3935 in

1512 3961 1715 4004 chiastic
1744 3961 1899 4004 order.

2250 3560 2261 3577 ⁰
2268 3559 2279 3575 ⁴
2289 3558 2510 3607 changed
