<?xml version="1.0" encoding="UTF-8"?>
<!DOCTYPE html PUBLIC "-//W3C//DTD XHTML 1.0 Transitional//EN"
    "http://www.w3.org/TR/xhtml1/DTD/xhtml1-transitional.dtd">
<html xmlns="http://www.w3.org/1999/xhtml" xml:lang="en" lang="en">
 <head>
  <title>
</title>
<meta http-equiv="Content-Type" content="text/html;charset=utf-8" />
  <meta name='ocr-system' content='tesseract 3.04.00' />
  <meta name='ocr-capabilities' content='ocr_page ocr_carea ocr_par ocr_line ocrx_word'/>
</head>
<body>
  <div class='ocr_page' id='page_1' title='image "./livyselectionsf00longgoog_0127.png"; bbox 0 0 2975 4367; ppageno 0'>
   <div class='ocr_carea' id='block_1_1' title="bbox 446 244 706 310">
    <p class='ocr_par' dir='ltr' id='par_1_1' title="bbox 446 244 706 310">
     <span class='ocr_line' id='line_1_1' title="bbox 446 244 706 310; baseline -0.004 -11"><span class='ocrx_word' id='word_1_1' title='bbox 446 244 580 300; x_wconf 83' lang='lat' dir='ltr'>xlvi.</span> <span class='ocrx_word' id='word_1_2' title='bbox 621 244 706 310; x_wconf 92' lang='grc'>11]</span> 
     </span>
    </p>
   </div>
   <div class='ocr_carea' id='block_1_2' title="bbox 381 437 413 477">
    <p class='ocr_par' dir='ltr' id='par_1_2' title="bbox 381 437 413 477">
     <span class='ocr_line' id='line_1_2' title="bbox 381 437 413 477; baseline 0 0"><span class='ocrx_word' id='word_1_3' title='bbox 381 437 413 477; x_wconf 83' lang='grc'><strong>4</strong></span> 
     </span>
    </p>
   </div>
   <div class='ocr_carea' id='block_1_3' title="bbox 1329 240 1650 296">
    <p class='ocr_par' dir='ltr' id='par_1_3' title="bbox 1329 240 1650 296">
     <span class='ocr_line' id='line_1_3' title="bbox 1329 240 1650 296; baseline -0.003 0"><span class='ocrx_word' id='word_1_4' title='bbox 1329 240 1564 296; x_wconf 87' lang='lat' dir='ltr'><strong>LIBER</strong></span> <span class='ocrx_word' id='word_1_5' title='bbox 1600 240 1650 295; x_wconf 91' lang='lat' dir='ltr'>V</span> 
     </span>
    </p>
   </div>
   <div class='ocr_carea' id='block_1_4' title="bbox 571 421 2533 499">
    <p class='ocr_par' dir='ltr' id='par_1_4' title="bbox 571 421 2533 499">
     <span class='ocr_line' id='line_1_4' title="bbox 571 421 2533 499; baseline -0.001 -11"><span class='ocrx_word' id='word_1_6' title='bbox 571 424 809 488; x_wconf 88' lang='lat' dir='ltr'><strong>XLVI.</strong></span> <span class='ocrx_word' id='word_1_7' title='bbox 864 424 1015 489; x_wconf 90' lang='lat' dir='ltr'>Veis</span> <span class='ocrx_word' id='word_1_8' title='bbox 1055 423 1317 487; x_wconf 79' lang='lat' dir='ltr'>interim</span> <span class='ocrx_word' id='word_1_9' title='bbox 1352 445 1485 487; x_wconf 90' lang='lat' dir='ltr'>non</span> <span class='ocrx_word' id='word_1_10' title='bbox 1522 423 1721 486; x_wconf 91' lang='lat' dir='ltr'>animi</span> <span class='ocrx_word' id='word_1_11' title='bbox 1774 429 2039 486; x_wconf 88' lang='lat' dir='ltr'>tantum</span> <span class='ocrx_word' id='word_1_12' title='bbox 2092 423 2159 486; x_wconf 90' lang='lat' dir='ltr'>in</span> <span class='ocrx_word' id='word_1_13' title='bbox 2210 423 2366 499; x_wconf 88' lang='lat' dir='ltr'>dies,</span> <span class='ocrx_word' id='word_1_14' title='bbox 2419 421 2533 486; x_wconf 88' lang='lat' dir='ltr'>sed</span> 
     </span>
    </p>
   </div>
   <div class='ocr_carea' id='block_1_5' title="bbox 445 525 1297 590">
    <p class='ocr_par' dir='ltr' id='par_1_5' title="bbox 445 525 1297 590">
     <span class='ocr_line' id='line_1_5' title="bbox 445 525 1297 590; baseline -0.005 0"><span class='ocrx_word' id='word_1_15' title='bbox 445 525 647 590; x_wconf 88' lang='lat' dir='ltr'>etiam</span> <span class='ocrx_word' id='word_1_16' title='bbox 699 525 867 588; x_wconf 89' lang='lat' dir='ltr'>vires</span> <span class='ocrx_word' id='word_1_17' title='bbox 904 525 1297 588; x_wconf 80' lang='lat' dir='ltr'>crescebant.</span> 
     </span>
    </p>
   </div>
   <div class='ocr_carea' id='block_1_6' title="bbox 1420 522 2536 587">
    <p class='ocr_par' dir='ltr' id='par_1_6' title="bbox 1420 522 2536 587">
     <span class='ocr_line' id='line_1_6' title="bbox 1420 522 2536 587; baseline 0 -2"><span class='ocrx_word' id='word_1_18' title='bbox 1420 522 1554 586; x_wconf 89' lang='lat' dir='ltr'>Nec</span> <span class='ocrx_word' id='word_1_19' title='bbox 1592 523 1906 587; x_wconf 90' lang='lat' dir='ltr'>Romanis</span> <span class='ocrx_word' id='word_1_20' title='bbox 1941 522 2151 586; x_wconf 92' lang='lat' dir='ltr'>solum</span> <span class='ocrx_word' id='word_1_21' title='bbox 2187 543 2263 586; x_wconf 93' lang='lat' dir='ltr'>eo</span> <span class='ocrx_word' id='word_1_22' title='bbox 2301 543 2536 586; x_wconf 89' lang='lat' dir='ltr'>conve-</span> 
     </span>
    </p>
   </div>
   <div class='ocr_carea' id='block_1_7' title="bbox 379 621 2534 1003">
    <p class='ocr_par' dir='ltr' id='par_1_7' title="bbox 379 621 2534 1003">
     <span class='ocr_line' id='line_1_7' title="bbox 447 621 2533 705; baseline -0.001 -17"><span class='ocrx_word' id='word_1_23' title='bbox 447 624 775 688; x_wconf 90' lang='lat' dir='ltr'>nientibus</span> <span class='ocrx_word' id='word_1_24' title='bbox 797 644 880 687; x_wconf 86' lang='lat' dir='ltr'>ex</span> <span class='ocrx_word' id='word_1_25' title='bbox 902 623 1089 704; x_wconf 87' lang='lat' dir='ltr'>agris,</span> <span class='ocrx_word' id='word_1_26' title='bbox 1116 623 1228 705; x_wconf 91' lang='lat' dir='ltr'>qui</span> <span class='ocrx_word' id='word_1_27' title='bbox 1252 630 1368 687; x_wconf 89' lang='lat' dir='ltr'>aut</span> <span class='ocrx_word' id='word_1_28' title='bbox 1391 622 1633 703; x_wconf 91' lang='lat' dir='ltr'>proelio</span> <span class='ocrx_word' id='word_1_29' title='bbox 1658 623 1929 686; x_wconf 91' lang='lat' dir='ltr'>adverso</span> <span class='ocrx_word' id='word_1_30' title='bbox 1953 630 2069 686; x_wconf 87' lang='lat' dir='ltr'>aut</span> <span class='ocrx_word' id='word_1_31' title='bbox 2092 621 2273 686; x_wconf 90' lang='lat' dir='ltr'>clade</span> <span class='ocrx_word' id='word_1_32' title='bbox 2300 628 2533 702; x_wconf 88' lang='lat' dir='ltr'>captae</span> 
     </span>
     <span class='ocr_line' id='line_1_8' title="bbox 447 722 2533 804; baseline -0 -18"><span class='ocrx_word' id='word_1_33' title='bbox 447 724 624 787; x_wconf 90' lang='lat' dir='ltr'>urbis</span> <span class='ocrx_word' id='word_1_34' title='bbox 672 723 877 804; x_wconf 87' lang='lat' dir='ltr'>palati</span> <span class='ocrx_word' id='word_1_35' title='bbox 917 725 1197 799; x_wconf 89' lang='lat' dir='ltr'>fuerant,</span> <span class='ocrx_word' id='word_1_36' title='bbox 1234 723 1346 787; x_wconf 92' lang='lat' dir='ltr'>sed</span> <span class='ocrx_word' id='word_1_37' title='bbox 1380 724 1583 786; x_wconf 91' lang='lat' dir='ltr'>etiam</span> <span class='ocrx_word' id='word_1_38' title='bbox 1618 743 1700 786; x_wconf 88' lang='lat' dir='ltr'>ex</span> <span class='ocrx_word' id='word_1_39' title='bbox 1737 723 1924 785; x_wconf 88' lang='lat' dir='ltr'>Latio</span> <span class='ocrx_word' id='word_1_40' title='bbox 1961 722 2343 786; x_wconf 87' lang='lat' dir='ltr'>voluntariis</span> <span class='ocrx_word' id='word_1_41' title='bbox 2383 743 2533 785; x_wconf 91' lang='lat' dir='ltr'>con-</span> 
     </span>
     <span class='ocr_line' id='line_1_9' title="bbox 379 822 2534 903; baseline -0 -17"><span class='ocrx_word' id='word_1_42' title='bbox 379 836 412 879; x_wconf 81' lang='lat'><strong>5</strong></span> <span class='ocrx_word' id='word_1_43' title='bbox 448 823 819 900; x_wconf 87' lang='lat' dir='ltr'>fluentibus,</span> <span class='ocrx_word' id='word_1_44' title='bbox 850 830 926 887; x_wconf 88' lang='lat' dir='ltr'>ut</span> <span class='ocrx_word' id='word_1_45' title='bbox 952 824 1020 886; x_wconf 91' lang='lat' dir='ltr'>in</span> <span class='ocrx_word' id='word_1_46' title='bbox 1047 830 1234 903; x_wconf 90' lang='lat' dir='ltr'>parte</span> <span class='ocrx_word' id='word_1_47' title='bbox 1261 823 1540 903; x_wconf 85' lang='lat' dir='ltr'>praedae</span> <span class='ocrx_word' id='word_1_48' title='bbox 1567 828 1803 899; x_wconf 78' lang='lat' dir='ltr'>essent,</span> <span class='ocrx_word' id='word_1_49' title='bbox 1834 829 2162 886; x_wconf 89' lang='lat' dir='ltr'>maturum</span> <span class='ocrx_word' id='word_1_50' title='bbox 2198 822 2329 884; x_wconf 91' lang='lat' dir='ltr'>iam</span> <span class='ocrx_word' id='word_1_51' title='bbox 2358 822 2534 885; x_wconf 90' lang='lat' dir='ltr'>vide·</span> 
     </span>
     <span class='ocr_line' id='line_1_10' title="bbox 381 921 2531 1003; baseline -0.001 -16"><span class='ocrx_word' id='word_1_52' title='bbox 381 936 412 978; x_wconf 79' lang='lat'><strong>6</strong></span> <span class='ocrx_word' id='word_1_53' title='bbox 447 925 643 987; x_wconf 87' lang='lat' dir='ltr'>batur</span> <span class='ocrx_word' id='word_1_54' title='bbox 685 923 889 1003; x_wconf 86' lang='lat' dir='ltr'>repeti</span> <span class='ocrx_word' id='word_1_55' title='bbox 933 922 1216 1002; x_wconf 89' lang='lat' dir='ltr'>patriam</span> <span class='ocrx_word' id='word_1_56' title='bbox 1258 922 1547 1003; x_wconf 87' lang='lat' dir='ltr'>eripique</span> <span class='ocrx_word' id='word_1_57' title='bbox 1591 943 1673 986; x_wconf 89' lang='lat' dir='ltr'>ex</span> <span class='ocrx_word' id='word_1_58' title='bbox 1715 921 2002 985; x_wconf 91' lang='lat' dir='ltr'>hostium</span> <span class='ocrx_word' id='word_1_59' title='bbox 2048 921 2348 985; x_wconf 90' lang='lat' dir='ltr'>manibus</span> <span class='ocrx_word' id='word_1_60' title='bbox 2358 943 2374 999; x_wconf 79' lang='lat'><em>3</em></span> <span class='ocrx_word' id='word_1_61' title='bbox 2418 921 2531 985; x_wconf 93' lang='lat' dir='ltr'>sed</span> 
     </span>
    </p>
   </div>
   <div class='ocr_carea' id='block_1_8' title="bbox 415 1022 1584 1103">
    <p class='ocr_par' dir='ltr' id='par_1_8' title="bbox 415 1022 1584 1103">
     <span class='ocr_line' id='line_1_11' title="bbox 415 1022 1584 1103; baseline -0.002 -17"><span class='ocrx_word' id='word_1_62' title='bbox 415 1022 699 1103; x_wconf 87' lang='lat' dir='ltr'>-corpori</span> <span class='ocrx_word' id='word_1_63' title='bbox 774 1022 990 1086; x_wconf 91' lang='lat' dir='ltr'>valido</span> <span class='ocrx_word' id='word_1_64' title='bbox 1066 1027 1265 1102; x_wconf 90' lang='lat' dir='ltr'>caput</span> <span class='ocrx_word' id='word_1_65' title='bbox 1341 1022 1584 1085; x_wconf 89' lang='lat' dir='ltr'>deerat.</span> 
     </span>
    </p>
   </div>
   <div class='ocr_carea' id='block_1_9' title="bbox 1684 1021 2536 1101">
    <p class='ocr_par' dir='ltr' id='par_1_9' title="bbox 1684 1021 2536 1101">
     <span class='ocr_line' id='line_1_12' title="bbox 1684 1021 2536 1101; baseline 0 -17"><span class='ocrx_word' id='word_1_66' title='bbox 1684 1023 1892 1085; x_wconf 90' lang='lat' dir='ltr'>Locus</span> <span class='ocrx_word' id='word_1_67' title='bbox 1910 1038 1917 1045; x_wconf 83' lang='grc'>’</span> <span class='ocrx_word' id='word_1_68' title='bbox 1946 1022 2082 1101; x_wconf 91' lang='lat' dir='ltr'>ipse</span> <span class='ocrx_word' id='word_1_69' title='bbox 2139 1021 2536 1084; x_wconf 90' lang='lat' dir='ltr'>admonebat</span> 
     </span>
    </p>
   </div>
   <div class='ocr_carea' id='block_1_10' title="bbox 449 1120 2539 1203">
    <p class='ocr_par' dir='ltr' id='par_1_10' title="bbox 449 1120 2539 1203">
     <span class='ocr_line' id='line_1_13' title="bbox 449 1120 2539 1203; baseline -0.001 -17"><span class='ocrx_word' id='word_1_70' title='bbox 449 1121 719 1200; x_wconf 84' lang='lat' dir='ltr'>Camilli,</span> <span class='ocrx_word' id='word_1_71' title='bbox 768 1129 837 1186; x_wconf 89' lang='lat' dir='ltr'>et</span> <span class='ocrx_word' id='word_1_72' title='bbox 886 1120 1124 1201; x_wconf 87' lang='lat' dir='ltr'>magna</span> <span class='ocrx_word' id='word_1_73' title='bbox 1170 1142 1319 1203; x_wconf 88' lang='lat' dir='ltr'>pars</span> <span class='ocrx_word' id='word_1_74' title='bbox 1367 1121 1650 1184; x_wconf 91' lang='lat' dir='ltr'>militum</span> <span class='ocrx_word' id='word_1_75' title='bbox 1694 1129 1855 1198; x_wconf 88' lang='lat' dir='ltr'>erat,</span> <span class='ocrx_word' id='word_1_76' title='bbox 1895 1121 2010 1202; x_wconf 91' lang='lat' dir='ltr'>qui</span> <span class='ocrx_word' id='word_1_77' title='bbox 2056 1121 2263 1184; x_wconf 92' lang='lat' dir='ltr'>ductu</span> <span class='ocrx_word' id='word_1_78' title='bbox 2325 1121 2539 1201; x_wconf 90' lang='lat' dir='ltr'>auspi-</span> 
     </span>
    </p>
   </div>
   <div class='ocr_carea' id='block_1_11' title="bbox 386 1222 1779 1304">
    <p class='ocr_par' dir='ltr' id='par_1_11' title="bbox 386 1222 1779 1304">
     <span class='ocr_line' id='line_1_14' title="bbox 386 1222 1779 1304; baseline -0.002 -18"><span class='ocrx_word' id='word_1_79' title='bbox 386 1237 415 1279; x_wconf 87' lang='lat'>⁷</span> <span class='ocrx_word' id='word_1_80' title='bbox 450 1223 678 1304; x_wconf 86' lang='lat' dir='ltr'>cioque</span> <span class='ocrx_word' id='word_1_81' title='bbox 734 1222 870 1285; x_wconf 91' lang='lat' dir='ltr'>eius</span> <span class='ocrx_word' id='word_1_82' title='bbox 925 1242 1025 1285; x_wconf 88' lang='lat' dir='ltr'>res</span> <span class='ocrx_word' id='word_1_83' title='bbox 1079 1241 1380 1302; x_wconf 86' lang='lat' dir='ltr'>prospere</span> <span class='ocrx_word' id='word_1_84' title='bbox 1431 1229 1779 1301; x_wconf 85' lang='lat' dir='ltr'>gesserant.</span> 
     </span>
    </p>
   </div>
   <div class='ocr_carea' id='block_1_12' title="bbox 1869 1222 2537 1285">
    <p class='ocr_par' dir='ltr' id='par_1_12' title="bbox 1869 1222 2537 1285">
     <span class='ocr_line' id='line_1_15' title="bbox 1869 1222 2537 1285; baseline 0 -2"><span class='ocrx_word' id='word_1_85' title='bbox 1869 1222 2200 1285; x_wconf 90' lang='lat' dir='ltr'>Consensu</span> <span class='ocrx_word' id='word_1_86' title='bbox 2244 1222 2537 1283; x_wconf 91' lang='lat' dir='ltr'>omnium</span> 
     </span>
    </p>
   </div>
   <div class='ocr_carea' id='block_1_13' title="bbox 384 1319 2541 1702">
    <p class='ocr_par' dir='ltr' id='par_1_13' title="bbox 384 1319 2541 1702">
     <span class='ocr_line' id='line_1_16' title="bbox 449 1319 2536 1403; baseline 0 -20"><span class='ocrx_word' id='word_1_87' title='bbox 449 1323 696 1403; x_wconf 83' lang='lat' dir='ltr'>placuit</span> <span class='ocrx_word' id='word_1_88' title='bbox 750 1322 835 1384; x_wconf 93' lang='lat' dir='ltr'>ab</span> <span class='ocrx_word' id='word_1_89' title='bbox 890 1321 1104 1384; x_wconf 83' lang='lat' dir='ltr'>Ardea</span> <span class='ocrx_word' id='word_1_90' title='bbox 1158 1321 1503 1385; x_wconf 90' lang='lat' dir='ltr'>Camillum</span> <span class='ocrx_word' id='word_1_91' title='bbox 1560 1321 1770 1396; x_wconf 89' lang='lat' dir='ltr'>acciri,</span> <span class='ocrx_word' id='word_1_92' title='bbox 1829 1322 1941 1384; x_wconf 93' lang='lat' dir='ltr'>sed</span> <span class='ocrx_word' id='word_1_93' title='bbox 1995 1328 2191 1385; x_wconf 89' lang='lat' dir='ltr'>antea</span> <span class='ocrx_word' id='word_1_94' title='bbox 2241 1319 2536 1384; x_wconf 90' lang='lat' dir='ltr'>consulto</span> 
     </span>
     <span class='ocr_line' id='line_1_17' title="bbox 448 1420 2537 1502; baseline -0.001 -17"><span class='ocrx_word' id='word_1_95' title='bbox 448 1430 702 1498; x_wconf 89' lang='lat' dir='ltr'>senatu,</span> <span class='ocrx_word' id='word_1_96' title='bbox 763 1421 874 1502; x_wconf 93' lang='lat' dir='ltr'>qui</span> <span class='ocrx_word' id='word_1_97' title='bbox 932 1423 1181 1484; x_wconf 84' lang='lat' dir='ltr'>Romae</span> <span class='ocrx_word' id='word_1_98' title='bbox 1236 1427 1405 1485; x_wconf 86' lang='lat' dir='ltr'>esset</span> <span class='ocrx_word' id='word_1_99' title='bbox 1417 1442 1433 1498; x_wconf 91' lang='lat'>;</span> <span class='ocrx_word' id='word_1_100' title='bbox 1503 1421 1667 1485; x_wconf 90' lang='lat' dir='ltr'>adeo</span> <span class='ocrx_word' id='word_1_101' title='bbox 1717 1422 1983 1499; x_wconf 89' lang='lat' dir='ltr'>regebat</span> <span class='ocrx_word' id='word_1_102' title='bbox 2031 1421 2255 1484; x_wconf 91' lang='lat' dir='ltr'>omnia</span> <span class='ocrx_word' id='word_1_103' title='bbox 2307 1420 2537 1501; x_wconf 86' lang='lat' dir='ltr'>pudor,</span> 
     </span>
     <span class='ocr_line' id='line_1_18' title="bbox 448 1521 2535 1603; baseline 0 -20"><span class='ocrx_word' id='word_1_104' title='bbox 448 1522 948 1603; x_wconf 89' lang='lat' dir='ltr'>discriminaque</span> <span class='ocrx_word' id='word_1_105' title='bbox 1016 1542 1230 1584; x_wconf 88' lang='lat' dir='ltr'>rerum</span> <span class='ocrx_word' id='word_1_106' title='bbox 1299 1541 1501 1602; x_wconf 92' lang='lat' dir='ltr'>prope</span> <span class='ocrx_word' id='word_1_107' title='bbox 1569 1521 1838 1603; x_wconf 88' lang='lat' dir='ltr'>perditis</span> <span class='ocrx_word' id='word_1_108' title='bbox 1905 1522 2097 1584; x_wconf 92' lang='lat' dir='ltr'>rebus</span> <span class='ocrx_word' id='word_1_109' title='bbox 2163 1522 2535 1584; x_wconf 87' lang='lat' dir='ltr'>servabant.</span> 
     </span>
     <span class='ocr_line' id='line_1_19' title="bbox 384 1620 2541 1702; baseline 0.002 -23"><span class='ocrx_word' id='word_1_110' title='bbox 384 1636 416 1679; x_wconf 89' lang='lat'>8</span> <span class='ocrx_word' id='word_1_111' title='bbox 450 1620 709 1700; x_wconf 88' lang='lat' dir='ltr'>Ingenti</span> <span class='ocrx_word' id='word_1_112' title='bbox 780 1621 1062 1702; x_wconf 90' lang='lat' dir='ltr'>periculo</span> <span class='ocrx_word' id='word_1_113' title='bbox 1123 1622 1596 1685; x_wconf 89' lang='lat' dir='ltr'>transeundum</span> <span class='ocrx_word' id='word_1_114' title='bbox 1668 1642 1783 1702; x_wconf 89' lang='lat' dir='ltr'>per</span> <span class='ocrx_word' id='word_1_115' title='bbox 1852 1622 2138 1684; x_wconf 90' lang='lat' dir='ltr'>hostium</span> <span class='ocrx_word' id='word_1_116' title='bbox 2212 1620 2541 1684; x_wconf 84' lang='lat' dir='ltr'>custodias</span> 
     </span>
    </p>
   </div>
   <div class='ocr_carea' id='block_1_14' title="bbox 448 1729 608 1785">
    <p class='ocr_par' dir='ltr' id='par_1_14' title="bbox 448 1729 608 1785">
     <span class='ocr_line' id='line_1_20' title="bbox 448 1729 608 1785; baseline -0.013 0"><span class='ocrx_word' id='word_1_117' title='bbox 448 1729 608 1785; x_wconf 88' lang='lat' dir='ltr'>erat.</span> 
     </span>
    </p>
   </div>
   <div class='ocr_carea' id='block_1_15' title="bbox 698 1721 2537 1802">
    <p class='ocr_par' dir='ltr' id='par_1_15' title="bbox 698 1721 2537 1802">
     <span class='ocr_line' id='line_1_21' title="bbox 698 1721 2537 1802; baseline 0 -19"><span class='ocrx_word' id='word_1_118' title='bbox 698 1721 800 1783; x_wconf 95' lang='lat' dir='ltr'>Ad</span> <span class='ocrx_word' id='word_1_119' title='bbox 854 1742 997 1785; x_wconf 86' lang='lat' dir='ltr'>eam</span> <span class='ocrx_word' id='word_1_120' title='bbox 1055 1742 1191 1785; x_wconf 91' lang='lat' dir='ltr'>rem</span> <span class='ocrx_word' id='word_1_121' title='bbox 1248 1722 1521 1784; x_wconf 90' lang='lat' dir='ltr'>Pontius</span> <span class='ocrx_word' id='word_1_122' title='bbox 1562 1721 1911 1797; x_wconf 80' lang='lat' dir='ltr'>CominiuS,</span> <span class='ocrx_word' id='word_1_123' title='bbox 1955 1722 2226 1802; x_wconf 89' lang='lat' dir='ltr'>impiger</span> <span class='ocrx_word' id='word_1_124' title='bbox 2266 1721 2537 1796; x_wconf 80' lang='lat' dir='ltr'>iuvenis,</span> 
     </span>
    </p>
   </div>
   <div class='ocr_carea' id='block_1_16' title="bbox 449 1819 2537 1902">
    <p class='ocr_par' dir='ltr' id='par_1_16' title="bbox 449 1819 2537 1902">
     <span class='ocr_line' id='line_1_22' title="bbox 449 1819 2537 1902; baseline -0 -17"><span class='ocrx_word' id='word_1_125' title='bbox 449 1842 714 1902; x_wconf 87' lang='lat' dir='ltr'>operam</span> <span class='ocrx_word' id='word_1_126' title='bbox 773 1820 1117 1902; x_wconf 75' lang='lat' dir='ltr'>pollicituS‚</span> <span class='ocrx_word' id='word_1_127' title='bbox 1180 1821 1497 1885; x_wconf 89' lang='lat' dir='ltr'>incubans</span> <span class='ocrx_word' id='word_1_128' title='bbox 1556 1822 1776 1884; x_wconf 90' lang='lat' dir='ltr'>cortici</span> <span class='ocrx_word' id='word_1_129' title='bbox 1837 1821 2119 1885; x_wconf 92' lang='lat' dir='ltr'>secundo</span> <span class='ocrx_word' id='word_1_130' title='bbox 2179 1821 2393 1884; x_wconf 90' lang='lat' dir='ltr'>Tiberi</span> <span class='ocrx_word' id='word_1_131' title='bbox 2453 1819 2537 1884; x_wconf 84' lang='lat' dir='ltr'>ad</span> 
     </span>
    </p>
   </div>
   <div class='ocr_carea' id='block_1_17' title="bbox 384 1922 1034 1985">
    <p class='ocr_par' dir='ltr' id='par_1_17' title="bbox 384 1922 1034 1985">
     <span class='ocr_line' id='line_1_23' title="bbox 384 1922 1034 1985; baseline 0.003 -4"><span class='ocrx_word' id='word_1_132' title='bbox 384 1937 415 1980; x_wconf 82' lang='lat'>9</span> <span class='ocrx_word' id='word_1_133' title='bbox 451 1922 677 1984; x_wconf 89' lang='lat' dir='ltr'>urbem</span> <span class='ocrx_word' id='word_1_134' title='bbox 726 1922 1034 1985; x_wconf 89' lang='lat' dir='ltr'>defertur.</span> 
     </span>
    </p>
   </div>
   <div class='ocr_carea' id='block_1_18' title="bbox 1125 1921 2542 2001">
    <p class='ocr_par' dir='ltr' id='par_1_18' title="bbox 1125 1921 2542 2001">
     <span class='ocr_line' id='line_1_24' title="bbox 1125 1921 2542 2001; baseline 0.001 -19"><span class='ocrx_word' id='word_1_135' title='bbox 1125 1921 1307 1996; x_wconf 90' lang='lat' dir='ltr'>Inde,</span> <span class='ocrx_word' id='word_1_136' title='bbox 1349 1942 1481 2001; x_wconf 89' lang='lat' dir='ltr'>qua</span> <span class='ocrx_word' id='word_1_137' title='bbox 1530 1922 1901 2001; x_wconf 87' lang='lat' dir='ltr'>proximum</span> <span class='ocrx_word' id='word_1_138' title='bbox 1952 1922 2076 1985; x_wconf 86' lang='lat' dir='ltr'>fuit</span> <span class='ocrx_word' id='word_1_139' title='bbox 2128 1943 2167 1985; x_wconf 91' lang='lat' dir='ltr'>a</span> <span class='ocrx_word' id='word_1_140' title='bbox 2216 1922 2375 2001; x_wconf 87' lang='lat' dir='ltr'>ripa,</span> <span class='ocrx_word' id='word_1_141' title='bbox 2427 1940 2542 2001; x_wconf 88' lang='lat' dir='ltr'>per</span> 
     </span>
    </p>
   </div>
   <div class='ocr_carea' id='block_1_19' title="bbox 449 2020 2543 2201">
    <p class='ocr_par' dir='ltr' id='par_1_19' title="bbox 449 2020 2543 2201">
     <span class='ocr_line' id='line_1_25' title="bbox 450 2020 2542 2103; baseline -0.001 -19"><span class='ocrx_word' id='word_1_142' title='bbox 450 2028 877 2103; x_wconf 87' lang='lat' dir='ltr'>praeruptum</span> <span class='ocrx_word' id='word_1_143' title='bbox 931 2042 1137 2102; x_wconf 89' lang='lat' dir='ltr'>eoque</span> <span class='ocrx_word' id='word_1_144' title='bbox 1192 2020 1560 2101; x_wconf 90' lang='lat' dir='ltr'>neglectum</span> <span class='ocrx_word' id='word_1_145' title='bbox 1615 2021 1902 2083; x_wconf 89' lang='lat' dir='ltr'>hostium</span> <span class='ocrx_word' id='word_1_146' title='bbox 1959 2021 2255 2084; x_wconf 89' lang='lat' dir='ltr'>custodia</span> <span class='ocrx_word' id='word_1_147' title='bbox 2307 2041 2542 2085; x_wconf 86' lang='lat' dir='ltr'>saxum</span> 
     </span>
     <span class='ocr_line' id='line_1_26' title="bbox 449 2120 2543 2201; baseline -0 -17"><span class='ocrx_word' id='word_1_148' title='bbox 449 2122 518 2184; x_wconf 92' lang='lat' dir='ltr'>in</span> <span class='ocrx_word' id='word_1_149' title='bbox 573 2122 965 2201; x_wconf 87' lang='lat' dir='ltr'>Capitolium</span> <span class='ocrx_word' id='word_1_150' title='bbox 1021 2121 1266 2197; x_wconf 88' lang='lat' dir='ltr'>evadit,</span> <span class='ocrx_word' id='word_1_151' title='bbox 1323 2126 1390 2183; x_wconf 91' lang='lat' dir='ltr'>et</span> <span class='ocrx_word' id='word_1_152' title='bbox 1448 2120 1531 2183; x_wconf 91' lang='lat' dir='ltr'>ad</span> <span class='ocrx_word' id='word_1_153' title='bbox 1591 2121 2011 2199; x_wconf 86' lang='lat' dir='ltr'>magistratus</span> <span class='ocrx_word' id='word_1_154' title='bbox 2066 2121 2303 2183; x_wconf 88' lang='lat' dir='ltr'>ductus</span> <span class='ocrx_word' id='word_1_155' title='bbox 2359 2141 2543 2184; x_wconf 88' lang='lat' dir='ltr'>man-</span> 
     </span>
    </p>
   </div>
   <div class='ocr_carea' id='block_1_20' title="bbox 355 2221 1172 2285">
    <p class='ocr_par' dir='ltr' id='par_1_20' title="bbox 355 2221 1172 2285">
     <span class='ocr_line' id='line_1_27' title="bbox 355 2221 1172 2285; baseline 0.004 -6"><span class='ocrx_word' id='word_1_156' title='bbox 355 2238 414 2279; x_wconf 92' lang='lat'>10</span> <span class='ocrx_word' id='word_1_157' title='bbox 449 2222 610 2285; x_wconf 91' lang='lat' dir='ltr'>data</span> <span class='ocrx_word' id='word_1_158' title='bbox 650 2222 972 2285; x_wconf 89' lang='lat' dir='ltr'>exercitus</span> <span class='ocrx_word' id='word_1_159' title='bbox 1014 2221 1172 2284; x_wconf 90' lang='lat' dir='ltr'>edit.</span> 
     </span>
    </p>
   </div>
   <div class='ocr_carea' id='block_1_21' title="bbox 1262 2219 2544 2300">
    <p class='ocr_par' dir='ltr' id='par_1_21' title="bbox 1262 2219 2544 2300">
     <span class='ocr_line' id='line_1_28' title="bbox 1262 2219 2544 2300; baseline 0 -17"><span class='ocrx_word' id='word_1_160' title='bbox 1262 2221 1550 2300; x_wconf 87' lang='lat' dir='ltr'>Accepto</span> <span class='ocrx_word' id='word_1_161' title='bbox 1593 2220 1743 2283; x_wconf 90' lang='lat' dir='ltr'>inde</span> <span class='ocrx_word' id='word_1_162' title='bbox 1786 2227 2053 2284; x_wconf 88' lang='lat' dir='ltr'>senatus</span> <span class='ocrx_word' id='word_1_163' title='bbox 2097 2219 2413 2296; x_wconf 89' lang='lat' dir='ltr'>consulto,</span> <span class='ocrx_word' id='word_1_164' title='bbox 2444 2220 2544 2283; x_wconf 89' lang='lat' dir='ltr'>uti</span> 
     </span>
    </p>
   </div>
   <div class='ocr_carea' id='block_1_22' title="bbox 354 2319 2546 2801">
    <p class='ocr_par' dir='ltr' id='par_1_22' title="bbox 354 2319 2546 2801">
     <span class='ocr_line' id='line_1_29' title="bbox 450 2319 2544 2401; baseline -0 -17"><span class='ocrx_word' id='word_1_165' title='bbox 450 2321 730 2385; x_wconf 90' lang='lat' dir='ltr'>comitiis</span> <span class='ocrx_word' id='word_1_166' title='bbox 762 2321 1026 2384; x_wconf 89' lang='lat' dir='ltr'>curiatis</span> <span class='ocrx_word' id='word_1_167' title='bbox 1057 2326 1402 2384; x_wconf 88' lang='lat' dir='ltr'>revocatus</span> <span class='ocrx_word' id='word_1_168' title='bbox 1432 2319 1516 2383; x_wconf 94' lang='lat' dir='ltr'>de</span> <span class='ocrx_word' id='word_1_169' title='bbox 1546 2319 1738 2382; x_wconf 88' lang='lat' dir='ltr'>exilio</span> <span class='ocrx_word' id='word_1_170' title='bbox 1770 2320 1948 2382; x_wconf 89' lang='lat' dir='ltr'>iussu</span> <span class='ocrx_word' id='word_1_171' title='bbox 1978 2320 2203 2401; x_wconf 90' lang='lat' dir='ltr'>populi</span> <span class='ocrx_word' id='word_1_172' title='bbox 2235 2320 2544 2383; x_wconf 89' lang='lat' dir='ltr'>Camillus</span> 
     </span>
     <span class='ocr_line' id='line_1_30' title="bbox 450 2418 2545 2501; baseline -0.001 -17"><span class='ocrx_word' id='word_1_173' title='bbox 450 2422 734 2484; x_wconf 88' lang='lat' dir='ltr'>dictator</span> <span class='ocrx_word' id='word_1_174' title='bbox 779 2421 1111 2501; x_wconf 90' lang='lat' dir='ltr'>extemplo</span> <span class='ocrx_word' id='word_1_175' title='bbox 1159 2420 1482 2483; x_wconf 87' lang='lat' dir='ltr'>diceretur</span> <span class='ocrx_word' id='word_1_176' title='bbox 1531 2418 1896 2499; x_wconf 90' lang='lat' dir='ltr'>militesque</span> <span class='ocrx_word' id='word_1_177' title='bbox 1944 2420 2260 2483; x_wconf 88' lang='lat' dir='ltr'>haberent</span> <span class='ocrx_word' id='word_1_178' title='bbox 2308 2420 2545 2501; x_wconf 88' lang='lat' dir='ltr'>imper-</span> 
     </span>
     <span class='ocr_line' id='line_1_31' title="bbox 453 2519 2545 2601; baseline -0.001 -16"><span class='ocrx_word' id='word_1_179' title='bbox 453 2529 721 2596; x_wconf 88' lang='lat' dir='ltr'>atorem,</span> <span class='ocrx_word' id='word_1_180' title='bbox 780 2541 975 2601; x_wconf 92' lang='lat' dir='ltr'>quem</span> <span class='ocrx_word' id='word_1_181' title='bbox 1034 2519 1295 2595; x_wconf 89' lang='lat' dir='ltr'>vellent,</span> <span class='ocrx_word' id='word_1_182' title='bbox 1352 2519 1581 2582; x_wconf 90' lang='lat' dir='ltr'>eadem</span> <span class='ocrx_word' id='word_1_183' title='bbox 1638 2519 1972 2598; x_wconf 91' lang='lat' dir='ltr'>degressus</span> <span class='ocrx_word' id='word_1_184' title='bbox 2027 2520 2297 2582; x_wconf 88' lang='lat' dir='ltr'>nuntius</span> <span class='ocrx_word' id='word_1_185' title='bbox 2351 2520 2545 2583; x_wconf 91' lang='lat' dir='ltr'>Veios</span> 
     </span>
     <span class='ocr_line' id='line_1_32' title="bbox 354 2618 2546 2699; baseline 0.002 -21"><span class='ocrx_word' id='word_1_186' title='bbox 354 2637 409 2678; x_wconf 91' lang='lat'>11</span> <span class='ocrx_word' id='word_1_187' title='bbox 450 2621 789 2685; x_wconf 90' lang='lat' dir='ltr'>contendit</span> <span class='ocrx_word' id='word_1_188' title='bbox 799 2640 816 2698; x_wconf 90' lang='lat'>;</span> <span class='ocrx_word' id='word_1_189' title='bbox 871 2620 1178 2699; x_wconf 91' lang='lat' dir='ltr'>missique</span> <span class='ocrx_word' id='word_1_190' title='bbox 1231 2619 1515 2682; x_wconf 88' lang='lat' dir='ltr'>Ardeam</span> <span class='ocrx_word' id='word_1_191' title='bbox 1569 2618 1764 2698; x_wconf 87' lang='lat' dir='ltr'>legati</span> <span class='ocrx_word' id='word_1_192' title='bbox 1818 2619 1901 2682; x_wconf 93' lang='lat' dir='ltr'>ad</span> <span class='ocrx_word' id='word_1_193' title='bbox 1954 2618 2298 2682; x_wconf 91' lang='lat' dir='ltr'>Camillum</span> <span class='ocrx_word' id='word_1_194' title='bbox 2351 2620 2546 2682; x_wconf 91' lang='lat' dir='ltr'>Veios</span> 
     </span>
     <span class='ocr_line' id='line_1_33' title="bbox 448 2718 2545 2801; baseline -0.001 -17"><span class='ocrx_word' id='word_1_195' title='bbox 448 2741 599 2784; x_wconf 93' lang='lat' dir='ltr'>eum</span> <span class='ocrx_word' id='word_1_196' title='bbox 649 2720 1026 2801; x_wconf 88' lang='lat' dir='ltr'>perduxere,</span> <span class='ocrx_word' id='word_1_197' title='bbox 1077 2740 1191 2783; x_wconf 89' lang='lat' dir='ltr'>seu</span> <span class='ocrx_word' id='word_1_198' title='bbox 1217 2754 1300 2763; x_wconf 96' lang='lat'>—</span> <span class='ocrx_word' id='word_1_199' title='bbox 1323 2718 1499 2800; x_wconf 93' lang='lat' dir='ltr'>quod</span> <span class='ocrx_word' id='word_1_200' title='bbox 1575 2718 1779 2798; x_wconf 89' lang='lat' dir='ltr'>magis</span> <span class='ocrx_word' id='word_1_201' title='bbox 1853 2718 2109 2782; x_wconf 88' lang='lat' dir='ltr'>credere</span> <span class='ocrx_word' id='word_1_202' title='bbox 2183 2718 2360 2795; x_wconf 88' lang='lat' dir='ltr'>libet,</span> <span class='ocrx_word' id='word_1_203' title='bbox 2412 2740 2545 2782; x_wconf 90' lang='lat' dir='ltr'>non</span> 
     </span>
    </p>
   </div>
   <div class='ocr_carea' id='block_1_23' title="bbox 447 2889 1453 3892">
    <p class='ocr_par' dir='ltr' id='par_1_23' title="bbox 447 2889 1449 3094">
     <span class='ocr_line' id='line_1_34' title="bbox 520 2889 1448 2957; baseline -0.003 -12"><span class='ocrx_word' id='word_1_204' title='bbox 520 2891 727 2947; x_wconf 90' lang='lat' dir='ltr'>XLVI.</span> <span class='ocrx_word' id='word_1_205' title='bbox 824 2891 933 2944; x_wconf 85' lang='lat' dir='ltr'>The</span> <span class='ocrx_word' id='word_1_206' title='bbox 985 2892 1123 2957; x_wconf 74' lang='lat' dir='ltr'>sieye</span> <span class='ocrx_word' id='word_1_207' title='bbox 1176 2889 1274 2942; x_wconf 81' lang='lat' dir='ltr'>has</span> <span class='ocrx_word' id='word_1_208' title='bbox 1326 2907 1448 2942; x_wconf 81' lang='lat' dir='ltr'>con-</span> 
     </span>
     <span class='ocr_line' id='line_1_35' title="bbox 447 2958 1449 3024; baseline -0.005 -11"><span class='ocrx_word' id='word_1_209' title='bbox 447 2961 633 3013; x_wconf 77' lang='lat' dir='ltr'>tinued</span> <span class='ocrx_word' id='word_1_210' title='bbox 658 2966 713 3012; x_wconf 82' lang='lat' dir='ltr'>at</span> <span class='ocrx_word' id='word_1_211' title='bbox 740 2959 921 3023; x_wconf 84' lang='lat' dir='ltr'>Rome,</span> <span class='ocrx_word' id='word_1_212' title='bbox 950 2958 1033 3010; x_wconf 82' lang='lat' dir='ltr'>the</span> <span class='ocrx_word' id='word_1_213' title='bbox 1059 2958 1228 3011; x_wconf 85' lang='lat' dir='ltr'>Gauls</span> <span class='ocrx_word' id='word_1_214' title='bbox 1253 2958 1449 3024; x_wconf 81' lang='lat' dir='ltr'>merely</span> 
     </span>
     <span class='ocr_line' id='line_1_36' title="bbox 449 3027 1129 3094; baseline 0 -15"><span class='ocrx_word' id='word_1_215' title='bbox 449 3027 755 3094; x_wconf 70' lang='lat' dir='ltr'>preventiny</span> <span class='ocrx_word' id='word_1_216' title='bbox 786 3042 897 3092; x_wconf 82' lang='lat' dir='ltr'>any</span> <span class='ocrx_word' id='word_1_217' title='bbox 928 3042 1129 3092; x_wconf 77' lang='lat' dir='ltr'>escape.</span> 
     </span>
    </p>

    <p class='ocr_par' dir='ltr' id='par_1_24' title="bbox 448 3106 1448 3287">
     <span class='ocr_line' id='line_1_37' title="bbox 511 3106 1447 3154; baseline -0.002 -2"><span class='ocrx_word' id='word_1_218' title='bbox 511 3111 561 3152; x_wconf 76' lang='grc'>4.</span> <span class='ocrx_word' id='word_1_219' title='bbox 607 3109 875 3154; x_wconf 71' lang='lat' dir='ltr'>Romanu</span> <span class='ocrx_word' id='word_1_220' title='bbox 954 3106 1447 3151; x_wconf 73' lang='lat' dir='ltr'>convenientibus:</span> 
     </span>
     <span class='ocr_line' id='line_1_38' title="bbox 448 3173 1448 3227; baseline -0.001 -8"><span class='ocrx_word' id='word_1_221' title='bbox 448 3176 614 3219; x_wconf 77' lang='lat' dir='ltr'>causal</span> <span class='ocrx_word' id='word_1_222' title='bbox 656 3174 753 3219; x_wconf 85' lang='lat' dir='ltr'>abl.</span> <span class='ocrx_word' id='word_1_223' title='bbox 797 3176 901 3218; x_wconf 79' lang='lat' dir='ltr'>abS.</span> <span class='ocrx_word' id='word_1_224' title='bbox 976 3173 1152 3227; x_wconf 68' lang='lat' dir='ltr'>palati</span> <span class='ocrx_word' id='word_1_225' title='bbox 1193 3174 1448 3218; x_wconf 66' lang='lat' dir='ltr'>ruerant:</span> 
     </span>
     <span class='ocr_line' id='line_1_39' title="bbox 448 3242 956 3287; baseline 0 -1"><span class='ocrx_word' id='word_1_226' title='bbox 448 3254 528 3286; x_wconf 90' lang='lat' dir='ltr'>see</span> <span class='ocrx_word' id='word_1_227' title='bbox 557 3242 746 3287; x_wconf 83' lang='lat' dir='ltr'>Introd.</span> <span class='ocrx_word' id='word_1_228' title='bbox 772 3245 826 3286; x_wconf 90' lang='lat' dir='ltr'>V.</span> <span class='ocrx_word' id='word_1_229' title='bbox 852 3246 893 3286; x_wconf 87' lang='grc'>4.</span> <span class='ocrx_word' id='word_1_230' title='bbox 920 3255 956 3286; x_wconf 88' lang='lat' dir='ltr'>c.</span> 
     </span>
    </p>

    <p class='ocr_par' dir='ltr' id='par_1_25' title="bbox 513 3310 1233 3361">
     <span class='ocr_line' id='line_1_40' title="bbox 513 3310 1233 3361; baseline -0.001 -6"><span class='ocrx_word' id='word_1_231' title='bbox 513 3313 561 3355; x_wconf 72' lang='grc' dir='ltr'>δ.</span> <span class='ocrx_word' id='word_1_232' title='bbox 594 3311 656 3353; x_wconf 76' lang='lat' dir='ltr'>in</span> <span class='ocrx_word' id='word_1_233' title='bbox 680 3311 862 3361; x_wconf 71' lang='lat' dir='ltr'>parte:</span> <span class='ocrx_word' id='word_1_234' title='bbox 892 3328 933 3342; x_wconf 94' lang='lat'>=</span> <span class='ocrx_word' id='word_1_235' title='bbox 961 3310 1233 3361; x_wconf 66' lang='lat' dir='ltr'>penit-im.</span> 
     </span>
    </p>

    <p class='ocr_par' dir='ltr' id='par_1_26' title="bbox 450 3376 1449 3630">
     <span class='ocr_line' id='line_1_41' title="bbox 514 3376 1447 3422; baseline -0.001 -2"><span class='ocrx_word' id='word_1_236' title='bbox 514 3379 562 3420; x_wconf 72' lang='lat'>⁶.</span> <span class='ocrx_word' id='word_1_237' title='bbox 599 3376 839 3422; x_wconf 70' lang='lat' dir='ltr'>camuli:</span> <span class='ocrx_word' id='word_1_238' title='bbox 887 3388 942 3419; x_wconf 83' lang='lat' dir='ltr'>as</span> <span class='ocrx_word' id='word_1_239' title='bbox 987 3377 1201 3420; x_wconf 83' lang='lat' dir='ltr'>dictator</span> <span class='ocrx_word' id='word_1_240' title='bbox 1249 3377 1302 3419; x_wconf 85' lang='lat' dir='ltr'>in</span> <span class='ocrx_word' id='word_1_241' title='bbox 1354 3377 1447 3419; x_wconf 84' lang='lat'>396</span> 
     </span>
     <span class='ocr_line' id='line_1_42' title="bbox 450 3444 1449 3488; baseline -0.001 -1"><span class='ocrx_word' id='word_1_242' title='bbox 450 3456 499 3487; x_wconf 82' lang='lat' dir='ltr'>B.</span> <span class='ocrx_word' id='word_1_243' title='bbox 527 3455 572 3487; x_wconf 80' lang='lat' dir='ltr'>c,</span> <span class='ocrx_word' id='word_1_244' title='bbox 598 3444 661 3487; x_wconf 89' lang='lat' dir='ltr'>he</span> <span class='ocrx_word' id='word_1_245' title='bbox 686 3444 784 3487; x_wconf 86' lang='lat' dir='ltr'>had</span> <span class='ocrx_word' id='word_1_246' title='bbox 811 3444 975 3487; x_wconf 83' lang='lat' dir='ltr'>forced</span> <span class='ocrx_word' id='word_1_247' title='bbox 1003 3445 1089 3488; x_wconf 89' lang='lat' dir='ltr'>the</span> <span class='ocrx_word' id='word_1_248' title='bbox 1113 3444 1370 3487; x_wconf 88' lang='lat' dir='ltr'>surrender</span> <span class='ocrx_word' id='word_1_249' title='bbox 1396 3444 1449 3486; x_wconf 78' lang='lat' dir='ltr'>of</span> 
     </span>
     <span class='ocr_line' id='line_1_43' title="bbox 452 3511 1449 3561; baseline -0.001 -6"><span class='ocrx_word' id='word_1_250' title='bbox 452 3511 571 3561; x_wconf 81' lang='lat' dir='ltr'>Veii,</span> <span class='ocrx_word' id='word_1_251' title='bbox 626 3512 754 3554; x_wconf 84' lang='lat' dir='ltr'>after</span> <span class='ocrx_word' id='word_1_252' title='bbox 804 3512 891 3555; x_wconf 89' lang='lat' dir='ltr'>the</span> <span class='ocrx_word' id='word_1_253' title='bbox 943 3512 1163 3554; x_wconf 87' lang='lat' dir='ltr'>Romans</span> <span class='ocrx_word' id='word_1_254' title='bbox 1213 3512 1312 3554; x_wconf 85' lang='lat' dir='ltr'>had</span> <span class='ocrx_word' id='word_1_255' title='bbox 1366 3512 1449 3554; x_wconf 88' lang='lat' dir='ltr'>be-</span> 
     </span>
     <span class='ocr_line' id='line_1_44' title="bbox 451 3579 1321 3630; baseline 0 -8"><span class='ocrx_word' id='word_1_256' title='bbox 451 3579 611 3629; x_wconf 84' lang='lat' dir='ltr'>sieged</span> <span class='ocrx_word' id='word_1_257' title='bbox 647 3579 734 3621; x_wconf 87' lang='lat' dir='ltr'>the</span> <span class='ocrx_word' id='word_1_258' title='bbox 768 3582 901 3621; x_wconf 87' lang='lat' dir='ltr'>town</span> <span class='ocrx_word' id='word_1_259' title='bbox 936 3580 1011 3621; x_wconf 82' lang='lat' dir='ltr'>for</span> <span class='ocrx_word' id='word_1_260' title='bbox 1046 3583 1130 3621; x_wconf 86' lang='lat' dir='ltr'>ten</span> <span class='ocrx_word' id='word_1_261' title='bbox 1164 3590 1321 3630; x_wconf 80' lang='lat' dir='ltr'>years,</span> 
     </span>
    </p>

    <p class='ocr_par' dir='ltr' id='par_1_27' title="bbox 451 3646 1451 3829">
     <span class='ocr_line' id='line_1_45' title="bbox 514 3646 1451 3698; baseline 0 -9"><span class='ocrx_word' id='word_1_262' title='bbox 514 3647 564 3689; x_wconf 80' lang='grc'>7.</span> <span class='ocrx_word' id='word_1_263' title='bbox 587 3646 790 3698; x_wconf 73' lang='lat' dir='ltr'>pudor:</span> <span class='ocrx_word' id='word_1_264' title='bbox 804 3646 834 3665; x_wconf 85' lang='lat'>·‘</span> <span class='ocrx_word' id='word_1_265' title='bbox 844 3657 982 3689; x_wconf 88' lang='lat' dir='ltr'>sense</span> <span class='ocrx_word' id='word_1_266' title='bbox 992 3647 1043 3688; x_wconf 82' lang='lat' dir='ltr'>of</span> <span class='ocrx_word' id='word_1_267' title='bbox 1054 3646 1356 3698; x_wconf 84' lang='lat' dir='ltr'>propriety.”</span> <span class='ocrx_word' id='word_1_268' title='bbox 1370 3654 1451 3689; x_wconf 74' lang='lat' dir='ltr'>ro-</span> 
     </span>
     <span class='ocr_line' id='line_1_46' title="bbox 451 3711 1449 3763; baseline -0.001 -7"><span class='ocrx_word' id='word_1_269' title='bbox 451 3720 584 3756; x_wconf 81' lang='lat' dir='ltr'>rum</span> <span class='ocrx_word' id='word_1_270' title='bbox 610 3742 623 3755; x_wconf 92' lang='lat'>.</span> <span class='ocrx_word' id='word_1_271' title='bbox 661 3742 675 3755; x_wconf 88' lang='lat'>.</span> <span class='ocrx_word' id='word_1_272' title='bbox 707 3742 720 3756; x_wconf 90' lang='lat'>.</span> <span class='ocrx_word' id='word_1_273' title='bbox 741 3711 1197 3763; x_wconf 73' lang='lat' dir='ltr'>robusti.e.··they</span> <span class='ocrx_word' id='word_1_274' title='bbox 1211 3712 1449 3755; x_wconf 84' lang='lat' dir='ltr'>observed</span> 
     </span>
     <span class='ocr_line' id='line_1_47' title="bbox 453 3779 1450 3829; baseline 0 -7"><span class='ocrx_word' id='word_1_275' title='bbox 453 3780 740 3822; x_wconf 84' lang='lat' dir='ltr'>distinction</span> <span class='ocrx_word' id='word_1_276' title='bbox 776 3779 963 3829; x_wconf 85' lang='lat' dir='ltr'>though</span> <span class='ocrx_word' id='word_1_277' title='bbox 986 3789 1102 3821; x_wconf 87' lang='lat' dir='ltr'>near</span> <span class='ocrx_word' id='word_1_278' title='bbox 1124 3779 1450 3822; x_wconf 85' lang='lat' dir='ltr'>extinction.’&#39;</span> 
     </span>
    </p>

    <p class='ocr_par' dir='ltr' id='par_1_28' title="bbox 515 3845 1453 3892">
     <span class='ocr_line' id='line_1_48' title="bbox 515 3845 1453 3892; baseline -0.002 -1"><span class='ocrx_word' id='word_1_279' title='bbox 515 3851 563 3892; x_wconf 79' lang='grc'>8.</span> <span class='ocrx_word' id='word_1_280' title='bbox 588 3847 834 3890; x_wconf 74' lang='lat' dir='ltr'>secundo</span> <span class='ocrx_word' id='word_1_281' title='bbox 888 3845 1092 3890; x_wconf 70' lang='lat' dir='ltr'>Tiberi:</span> <span class='ocrx_word' id='word_1_282' title='bbox 1139 3846 1322 3888; x_wconf 84' lang='lat' dir='ltr'>“down</span> <span class='ocrx_word' id='word_1_283' title='bbox 1367 3846 1453 3889; x_wconf 81' lang='lat' dir='ltr'>the</span> 
     </span>
    </p>
   </div>
   <div class='ocr_carea' id='block_1_24' title="bbox 1547 2889 2547 3010">
    <p class='ocr_par' dir='ltr' id='par_1_29' title="bbox 1547 2889 2547 3010">
     <span class='ocr_line' id='line_1_49' title="bbox 1549 2889 2547 2943; baseline 0.002 -11"><span class='ocrx_word' id='word_1_284' title='bbox 1549 2890 1746 2938; x_wconf 83' lang='lat' dir='ltr'>Tiber:&#39;’</span> <span class='ocrx_word' id='word_1_285' title='bbox 1768 2891 1896 2933; x_wconf 84' lang='lat' dir='ltr'>after</span> <span class='ocrx_word' id='word_1_286' title='bbox 1917 2889 2003 2934; x_wconf 91' lang='lat' dir='ltr'>the</span> <span class='ocrx_word' id='word_1_287' title='bbox 2030 2889 2242 2943; x_wconf 80' lang='lat' dir='ltr'>analogy</span> <span class='ocrx_word' id='word_1_288' title='bbox 2263 2890 2316 2934; x_wconf 80' lang='lat' dir='ltr'>of</span> <span class='ocrx_word' id='word_1_289' title='bbox 2342 2891 2547 2934; x_wconf 84' lang='lat' dir='ltr'>secunda</span> 
     </span>
     <span class='ocr_line' id='line_1_50' title="bbox 1547 2957 2083 3010; baseline -0.002 -5"><span class='ocrx_word' id='word_1_290' title='bbox 1547 2968 1671 3005; x_wconf 75' lang='grc' dir='ltr'><em>ασαα</em></span> <span class='ocrx_word' id='word_1_291' title='bbox 1700 2957 1782 3004; x_wconf 76' lang='lat' dir='ltr'>(cf.</span> <span class='ocrx_word' id='word_1_292' title='bbox 1809 2961 1884 3001; x_wconf 90' lang='lat'>21.</span> <span class='ocrx_word' id='word_1_293' title='bbox 1911 2960 1986 3003; x_wconf 88' lang='lat'>28.</span> <span class='ocrx_word' id='word_1_294' title='bbox 2014 2960 2083 3010; x_wconf 90' lang='grc'>7).</span> 
     </span>
    </p>
   </div>
   <div class='ocr_carea' id='block_1_25' title="bbox 1548 3032 2550 3152">
    <p class='ocr_par' dir='ltr' id='par_1_30' title="bbox 1548 3032 2550 3152">
     <span class='ocr_line' id='line_1_51' title="bbox 1609 3032 2550 3083; baseline 0.002 -8"><span class='ocrx_word' id='word_1_295' title='bbox 1609 3032 1660 3075; x_wconf 72' lang='grc'>9.</span> <span class='ocrx_word' id='word_1_296' title='bbox 1693 3032 2065 3083; x_wconf 69' lang='lat' dir='ltr'>praeruptum</span> <span class='ocrx_word' id='word_1_297' title='bbox 2093 3062 2106 3076; x_wconf 90' lang='lat'>.</span> <span class='ocrx_word' id='word_1_298' title='bbox 2135 3062 2148 3076; x_wconf 90' lang='lat'>.</span> <span class='ocrx_word' id='word_1_299' title='bbox 2177 3062 2190 3076; x_wconf 94' lang='lat'>.</span> <span class='ocrx_word' id='word_1_300' title='bbox 2214 3041 2438 3077; x_wconf 72' lang='lat' dir='ltr'>saxum:</span> <span class='ocrx_word' id='word_1_301' title='bbox 2463 3033 2550 3077; x_wconf 81' lang='lat' dir='ltr'>the</span> 
     </span>
     <span class='ocr_line' id='line_1_52' title="bbox 1548 3099 2171 3152; baseline 0.006 -12"><span class='ocrx_word' id='word_1_302' title='bbox 1548 3099 1742 3141; x_wconf 82' lang='lat' dir='ltr'>famous</span> <span class='ocrx_word' id='word_1_303' title='bbox 1769 3099 2011 3152; x_wconf 84' lang='lat' dir='ltr'>Tarpeian</span> <span class='ocrx_word' id='word_1_304' title='bbox 2037 3101 2171 3144; x_wconf 89' lang='lat' dir='ltr'>rock.</span> 
     </span>
    </p>
   </div>
   <div class='ocr_carea' id='block_1_26' title="bbox 1546 3171 2557 3900">
    <p class='ocr_par' dir='ltr' id='par_1_31' title="bbox 1546 3171 2551 3488">
     <span class='ocr_line' id='line_1_53' title="bbox 1613 3171 2550 3218; baseline 0.004 -4"><span class='ocrx_word' id='word_1_305' title='bbox 1613 3171 1693 3215; x_wconf 84' lang='lat'>10.</span> <span class='ocrx_word' id='word_1_306' title='bbox 1726 3172 1815 3217; x_wconf 75' lang='lat' dir='ltr'>uti</span> <span class='ocrx_word' id='word_1_307' title='bbox 1861 3203 1876 3218; x_wconf 90' lang='lat'>.</span> <span class='ocrx_word' id='word_1_308' title='bbox 1920 3203 1935 3218; x_wconf 90' lang='lat'>.</span> <span class='ocrx_word' id='word_1_309' title='bbox 1980 3203 1994 3217; x_wconf 87' lang='lat'>.</span> <span class='ocrx_word' id='word_1_310' title='bbox 2034 3173 2268 3218; x_wconf 79' lang='lat' dir='ltr'>vellent:</span> <span class='ocrx_word' id='word_1_311' title='bbox 2309 3174 2395 3218; x_wconf 85' lang='lat' dir='ltr'>the</span> <span class='ocrx_word' id='word_1_312' title='bbox 2434 3175 2550 3218; x_wconf 85' lang='lat' dir='ltr'>sub-</span> 
     </span>
     <span class='ocr_line' id='line_1_54' title="bbox 1548 3241 2551 3286; baseline 0.005 -5"><span class='ocrx_word' id='word_1_313' title='bbox 1548 3244 1717 3284; x_wconf 86' lang='lat' dir='ltr'>stance</span> <span class='ocrx_word' id='word_1_314' title='bbox 1740 3242 1791 3282; x_wconf 87' lang='lat' dir='ltr'>of</span> <span class='ocrx_word' id='word_1_315' title='bbox 1814 3241 1900 3285; x_wconf 91' lang='lat' dir='ltr'>the</span> <span class='ocrx_word' id='word_1_316' title='bbox 1922 3243 2114 3284; x_wconf 70' lang='lat' dir='ltr'>senatus</span> <span class='ocrx_word' id='word_1_317' title='bbox 2137 3242 2414 3286; x_wconf 74' lang='lat' dir='ltr'>consultum.</span> <span class='ocrx_word' id='word_1_318' title='bbox 2469 3251 2551 3286; x_wconf 77' lang='lat' dir='ltr'>ro·</span> 
     </span>
     <span class='ocr_line' id='line_1_55' title="bbox 1546 3308 2547 3353; baseline 0.003 -3"><span class='ocrx_word' id='word_1_319' title='bbox 1546 3308 1806 3352; x_wconf 66' lang='lat' dir='ltr'>vocatus:</span> <span class='ocrx_word' id='word_1_320' title='bbox 1857 3309 2065 3351; x_wconf 85' lang='lat' dir='ltr'>because</span> <span class='ocrx_word' id='word_1_321' title='bbox 2114 3319 2179 3351; x_wconf 83' lang='lat' dir='ltr'>an</span> <span class='ocrx_word' id='word_1_322' title='bbox 2230 3309 2354 3352; x_wconf 85' lang='lat' dir='ltr'>exile</span> <span class='ocrx_word' id='word_1_323' title='bbox 2403 3310 2547 3353; x_wconf 88' lang='lat' dir='ltr'>could</span> 
     </span>
     <span class='ocr_line' id='line_1_56' title="bbox 1548 3376 2549 3428; baseline 0.005 -11"><span class='ocrx_word' id='word_1_324' title='bbox 1548 3379 1635 3418; x_wconf 89' lang='lat' dir='ltr'>not</span> <span class='ocrx_word' id='word_1_325' title='bbox 1676 3376 1738 3418; x_wconf 88' lang='lat' dir='ltr'>be</span> <span class='ocrx_word' id='word_1_326' title='bbox 1777 3376 2063 3427; x_wconf 84' lang='lat' dir='ltr'>appointed.</span> <span class='ocrx_word' id='word_1_327' title='bbox 2135 3376 2295 3421; x_wconf 61' lang='lat' dir='ltr'>iussu</span> <span class='ocrx_word' id='word_1_328' title='bbox 2331 3376 2549 3428; x_wconf 72' lang='lat' dir='ltr'>populi:</span> 
     </span>
     <span class='ocr_line' id='line_1_57' title="bbox 1548 3442 2422 3488; baseline 0.003 -4"><span class='ocrx_word' id='word_1_329' title='bbox 1548 3442 1668 3484; x_wconf 85' lang='lat' dir='ltr'>with</span> <span class='ocrx_word' id='word_1_330' title='bbox 1692 3443 1933 3486; x_wconf 77' lang='lat' dir='ltr'>diceretur.</span> <span class='ocrx_word' id='word_1_331' title='bbox 1992 3443 2212 3487; x_wconf 73' lang='lat' dir='ltr'>eadem:</span> <span class='ocrx_word' id='word_1_332' title='bbox 2237 3454 2302 3488; x_wconf 89' lang='lat' dir='ltr'>sc.</span> <span class='ocrx_word' id='word_1_333' title='bbox 2328 3444 2422 3487; x_wconf 76' lang='lat' dir='ltr'>via.</span> 
     </span>
    </p>

    <p class='ocr_par' dir='ltr' id='par_1_32' title="bbox 1547 3510 2557 3900">
     <span class='ocr_line' id='line_1_58' title="bbox 1615 3510 2549 3563; baseline 0.003 -11"><span class='ocrx_word' id='word_1_334' title='bbox 1615 3510 1694 3552; x_wconf 87' lang='lat'>11.</span> <span class='ocrx_word' id='word_1_335' title='bbox 1728 3518 1845 3560; x_wconf 71' lang='lat' dir='ltr'>teu.</span> <span class='ocrx_word' id='word_1_336' title='bbox 1878 3514 1992 3553; x_wconf 81' lang='lat' dir='ltr'>ete.:</span> <span class='ocrx_word' id='word_1_337' title='bbox 2025 3510 2111 3553; x_wconf 91' lang='lat' dir='ltr'>the</span> <span class='ocrx_word' id='word_1_338' title='bbox 2141 3511 2280 3563; x_wconf 86' lang='lat' dir='ltr'>point</span> <span class='ocrx_word' id='word_1_339' title='bbox 2310 3512 2363 3554; x_wconf 81' lang='lat' dir='ltr'>in</span> <span class='ocrx_word' id='word_1_340' title='bbox 2391 3512 2549 3555; x_wconf 91' lang='lat' dir='ltr'>doubt</span> 
     </span>
     <span class='ocr_line' id='line_1_59' title="bbox 1547 3577 2557 3631; baseline 0.002 -11"><span class='ocrx_word' id='word_1_341' title='bbox 1547 3578 1589 3620; x_wconf 85' lang='lat' dir='ltr'>is</span> <span class='ocrx_word' id='word_1_342' title='bbox 1611 3577 1831 3620; x_wconf 81' lang='lat' dir='ltr'>whether</span> <span class='ocrx_word' id='word_1_343' title='bbox 1854 3578 2100 3627; x_wconf 79' lang='lat' dir='ltr'>Camillus,</span> <span class='ocrx_word' id='word_1_344' title='bbox 2127 3579 2457 3631; x_wconf 77' lang='lat' dir='ltr'>anticipating</span> <span class='ocrx_word' id='word_1_345' title='bbox 2475 3580 2557 3622; x_wconf 82' lang='lat' dir='ltr'>his</span> 
     </span>
     <span class='ocr_line' id='line_1_60' title="bbox 1548 3644 2551 3698; baseline 0.003 -11"><span class='ocrx_word' id='word_1_346' title='bbox 1548 3644 1693 3687; x_wconf 86' lang='lat' dir='ltr'>recall</span> <span class='ocrx_word' id='word_1_347' title='bbox 1709 3644 1806 3686; x_wconf 86' lang='lat' dir='ltr'>and</span> <span class='ocrx_word' id='word_1_348' title='bbox 1823 3646 2184 3696; x_wconf 82' lang='lat' dir='ltr'>appointment,</span> <span class='ocrx_word' id='word_1_349' title='bbox 2202 3647 2551 3698; x_wconf 76' lang='lat' dir='ltr'>accompanied</span> 
     </span>
     <span class='ocr_line' id='line_1_61' title="bbox 1550 3712 2550 3764; baseline 0.003 -10"><span class='ocrx_word' id='word_1_350' title='bbox 1550 3712 1636 3754; x_wconf 91' lang='lat' dir='ltr'>the</span> <span class='ocrx_word' id='word_1_351' title='bbox 1653 3712 1792 3764; x_wconf 66' lang='lat' dir='ltr'>leam</span> <span class='ocrx_word' id='word_1_352' title='bbox 1809 3717 1862 3754; x_wconf 85' lang='lat' dir='ltr'>at</span> <span class='ocrx_word' id='word_1_353' title='bbox 1881 3723 2002 3755; x_wconf 87' lang='lat' dir='ltr'>once</span> <span class='ocrx_word' id='word_1_354' title='bbox 2032 3716 2086 3755; x_wconf 81' lang='lat' dir='ltr'>to</span> <span class='ocrx_word' id='word_1_355' title='bbox 2107 3713 2224 3762; x_wconf 83' lang='lat' dir='ltr'>Veii,</span> <span class='ocrx_word' id='word_1_356' title='bbox 2245 3723 2301 3755; x_wconf 92' lang='lat' dir='ltr'>or</span> <span class='ocrx_word' id='word_1_357' title='bbox 2316 3713 2550 3764; x_wconf 84' lang='lat' dir='ltr'>whether.</span> 
     </span>
     <span class='ocr_line' id='line_1_62' title="bbox 1551 3779 2549 3831; baseline 0.004 -11"><span class='ocrx_word' id='word_1_358' title='bbox 1551 3790 1605 3821; x_wconf 85' lang='lat' dir='ltr'>as</span> <span class='ocrx_word' id='word_1_359' title='bbox 1638 3780 1763 3830; x_wconf 83' lang='lat' dir='ltr'>Livy</span> <span class='ocrx_word' id='word_1_360' title='bbox 1791 3779 1831 3820; x_wconf 84' lang='lat' dir='ltr'>is</span> <span class='ocrx_word' id='word_1_361' title='bbox 1861 3790 1996 3823; x_wconf 87' lang='lat' dir='ltr'>more</span> <span class='ocrx_word' id='word_1_362' title='bbox 2023 3780 2234 3823; x_wconf 88' lang='lat' dir='ltr'>inclined</span> <span class='ocrx_word' id='word_1_363' title='bbox 2265 3784 2319 3823; x_wconf 89' lang='lat' dir='ltr'>to</span> <span class='ocrx_word' id='word_1_364' title='bbox 2347 3781 2549 3831; x_wconf 78' lang='lat' dir='ltr'>believe,</span> 
     </span>
     <span class='ocr_line' id='line_1_63' title="bbox 1552 3846 2555 3900; baseline 0.003 -12"><span class='ocrx_word' id='word_1_365' title='bbox 1552 3846 1614 3888; x_wconf 89' lang='lat' dir='ltr'>he</span> <span class='ocrx_word' id='word_1_366' title='bbox 1643 3846 1853 3888; x_wconf 82' lang='lat' dir='ltr'>awaited</span> <span class='ocrx_word' id='word_1_367' title='bbox 1884 3857 2020 3889; x_wconf 90' lang='lat' dir='ltr'>more</span> <span class='ocrx_word' id='word_1_368' title='bbox 2049 3847 2278 3900; x_wconf 82' lang='lat' dir='ltr'>formally</span> <span class='ocrx_word' id='word_1_369' title='bbox 2308 3853 2359 3891; x_wconf 87' lang='lat' dir='ltr'>at</span> <span class='ocrx_word' id='word_1_370' title='bbox 2394 3848 2555 3891; x_wconf 79' lang='lat' dir='ltr'>Ardea</span> 
     </span>
    </p>
   </div>
   <div class='ocr_carea' id='block_1_27' title="bbox 2435 244 2611 297">
    <p class='ocr_par' dir='ltr' id='par_1_33' title="bbox 2435 244 2611 297">
     <span class='ocr_line' id='line_1_64' title="bbox 2435 244 2611 297; baseline 0.006 -1"><span class='ocrx_word' id='word_1_371' title='bbox 2435 244 2536 297; x_wconf 88' lang='grc'>123</span> <span class='ocrx_word' id='word_1_372' title='bbox 2606 254 2611 258; x_wconf 85' lang='grc'><strong>’</strong></span> 
     </span>
    </p>
   </div>
  </div>
 </body>
</html>
