2975 4367
424 248 521 306 hii.
560 248 646 314 10]
1300 247 1534 303 LIBER
1569 246 1659 302 III
2418 253 2518 307 107

426 430 495 496 in
540 436 756 497 castra
800 429 1230 512 accipiuntur,
1278 430 1521 512 quippe
1567 430 1942 494 liberatores
1988 432 2163 494 haud
2209 429 2405 496 dubie
2450 438 2518 496 et
2612 469 2623 484 ·

428 537 649 595 motus
706 531 896 595 initio
953 537 1022 595 et
1080 530 1265 593 exitu
1323 529 1433 593 rei.
1525 530 1627 593 Ob
1665 531 1822 594 haec
1882 531 1958 594 iis
2018 530 2519 596 advenientibus

358 644 392 689 3
425 631 675 713 gratiae
755 637 963 695 actae.
1053 629 1270 694 Icilius
1351 652 1469 711 pro
1553 630 1974 693 multitudine
2057 631 2258 694 verba
2338 633 2514 696 facit.

428 731 636 807 Idem,
724 751 873 794 cum
945 729 1028 795 de
1106 731 1592 794 condicionibus
1672 737 1988 810 ageretur,
2058 732 2521 812 quaerentibus

426 831 679 913 legatiS,
749 850 918 912 quae
988 830 1323 912 postulata
1393 830 1600 911 plebis
1669 837 1905 906 essent,
1979 833 2339 912 composito
2388 832 2520 894 iam

426 939 581 997 ante
650 929 1011 994 adventum
1081 930 1442 1010 legatorum
1513 930 1776 994 consilio
1843 951 1922 994 ea
1990 931 2371 1011 postulavit,
2443 938 2519 994 ut

425 1038 769 1113 appareret
807 1032 875 1093 in
914 1031 1248 1111 aequitate
1286 1051 1503 1093 rerum
1540 1030 1685 1110 plus
1723 1051 1922 1111 quam
1960 1030 2029 1095 in
2066 1031 2262 1095 armis
2296 1031 2521 1112 reponi

357 1149 391 1190 4
424 1132 580 1213 spei.
672 1133 1081 1194 Potestatem
1130 1130 1304 1193 enim
1370 1130 1788 1194 tribuniciam
1854 1131 2516 1212 provocationemque

425 1231 831 1312 repetebant,
878 1250 1047 1312 quae
1091 1237 1245 1293 ante
1288 1229 1689 1293 decemviros
1733 1238 1984 1294 creatos
2029 1231 2273 1294 auxilia
2314 1231 2520 1311 plebis

425 1331 705 1408 fuerant,
739 1337 807 1394 et
838 1350 919 1394 ne
950 1330 1054 1394 cui
1085 1329 1300 1393 fraudi
1329 1336 1499 1392 esset
1531 1331 1814 1393 concisse
1845 1330 2083 1393 milites
2114 1337 2231 1394 aut
2262 1330 2518 1410 plebem

358 1450 389 1492 5
425 1431 509 1496 ad
556 1430 978 1512 repetendam
1027 1450 1142 1510 per
1186 1430 1608 1493 secessionem
1646 1429 2039 1493 libertatem.
2131 1431 2229 1493 De
2268 1429 2521 1493 decem-

425 1531 713 1595 virorum
778 1530 973 1594 modo
1037 1529 1354 1610 supplicio
1420 1536 1612 1593 atrox
1676 1529 2084 1610 postulatum
2149 1529 2303 1593 fuit:
2370 1530 2519 1593 dedi

424 1632 666 1713 quippe
728 1651 839 1694 eos
903 1649 1184 1711 aequum
1248 1629 1623 1706 censebant,
1689 1628 2003 1711 vivosque
2065 1629 2198 1710 igni
2260 1650 2518 1694 concre-

423 1738 716 1795 maturos
757 1730 1196 1793 minabantur.

354 1848 390 1893 ο
549 1830 777 1911 Legati
841 1829 923 1892 ad
987 1849 1091 1892 ea:
1156 1831 1356 1910 ‘quae
1419 1829 1666 1893 consilii
1729 1829 2014 1907 fuerunt,
2082 1830 2243 1895 adeo
2309 1851 2518 1913 aequa

422 1930 824 2012 postulastis,
885 1937 961 1993 ut
1019 1928 1191 1992 ultro
1252 1930 1437 1993 vobis
1495 1929 1844 1993 deferenda
1901 1930 2169 2008 fuerint;
2227 1930 2515 1994 libertati

421 2032 597 2095 enim
639 2050 718 2094 ea
760 2029 1081 2110 praesidia
1124 2029 1367 2110 petitis,
1396 2049 1530 2091 non
1573 2028 1869 2092 licentiae
1914 2029 1996 2092 ad
2040 2030 2518 2110 impugnandos

358 2149 388 2194 7
423 2131 600 2195 alios.
692 2131 836 2192 Irae
891 2137 1146 2192 vestrae
1218 2129 1423 2208 magis
1495 2129 1957 2208 ignoscendum
2032 2151 2230 2211 quam
2302 2130 2514 2193 indul-

421 2230 707 2311 gendum
742 2237 863 2306 est,
903 2230 1145 2310 quippe
1182 2228 1295 2309 qui
1332 2228 1736 2292 crudelitatis
1771 2228 1920 2292 odio
1956 2230 2022 2292 in
2061 2230 2514 2293 crudelitatem

423 2330 610 2395 ruitis
663 2337 731 2394 et
785 2330 965 2410 prius
1019 2349 1245 2409 paene,
1304 2349 1504 2409 quam
1559 2328 1684 2408 ipsi
1740 2328 1922 2391 liberi
1975 2330 2136 2406 sitis,
2195 2329 2516 2393 dominari

356 2450 389 2495 8
421 2432 553 2494 iam
596 2431 664 2492 in
707 2429 1109 2493 adversarios
1143 2428 1360 2491 vultis.
1453 2428 1917 2509 Numquamne
1943 2430 2230 2510 quiescet
2275 2431 2509 2494 civitas

422 2536 648 2594 nostra
707 2551 747 2593 a
805 2529 1135 2609 suppliciis
1196 2535 1312 2591 aut
1372 2535 1639 2609 patrum
1699 2528 1766 2591 in
1825 2529 2081 2609 plebem
2145 2531 2514 2594 Romanam

355 2651 387 2696 9
423 2637 539 2694 aut
591 2630 797 2710 plebis
849 2630 917 2691 in
969 2631 1224 2708 patres?
1312 2630 1510 2692 Scuto
1555 2629 1739 2692 vobis
1792 2630 1997 2709 magis
2049 2651 2248 2710 quam
2302 2631 2515 2711 gladio

421 2751 586 2810 opus
625 2736 743 2793 est.
847 2729 1018 2792 Satis
1073 2749 1395 2808 superque
1450 2728 1711 2792 humilis
1765 2735 1884 2805 est,
1944 2730 2056 2810 qui
2111 2731 2247 2793 iure
2305 2751 2514 2810 aequo

421 2830 490 2892 in
541 2830 809 2894 civitate
862 2829 1049 2904 vivit,
1104 2849 1220 2891 nec
1271 2828 1607 2891 inferendo
1658 2829 1960 2892 iniuriam
2012 2851 2128 2893 nec
2180 2831 2511 2911 patiend0.

325 2951 387 2996 10
423 2929 645 2993 Etiam
699 2929 753 2993 si
808 2929 1072 3010 quando
1128 2928 1513 2991 metuendos
1569 2949 1686 2992 vos
1740 2930 2096 3009 praebituri
2150 2931 2326 3006 estis,
2367 2951 2515 2994 cum

421 3030 794 3113 reciperatis
831 3029 1321 3108 magistratibus
1359 3028 1734 3109 legibusque
1772 3030 2003 3092 vestris
2040 3030 2279 3093 iudicia
2315 3051 2512 3110 penes

424 3150 540 3192 vos
576 3136 769 3193 erunt
805 3128 887 3192 de
925 3130 1139 3208 capite
1176 3135 1397 3191 nostro
1438 3128 1864 3208 fortunisque,
1906 3137 2064 3192 tunc
2104 3138 2178 3193 ut
2217 3151 2513 3211 quaeque

424 3249 620 3292 causa
673 3230 796 3292 erit
850 3229 1158 3292 statuetis
1168 3248 1185 3305 ;
1241 3248 1413 3290 nunc
1471 3226 1841 3291 libertatem
1898 3231 2102 3310 repeti
2157 3231 2316 3293 satis
2370 3233 2512 3294 est.'

483 3447 535 3492 4.
567 3446 754 3492 fraudi
789 3448 958 3491 esset:
993 3446 1169 3490 “work
1203 3445 1422 3499 injury,”
1522 3449 1659 3490 ment
1686 3446 1737 3489 in
1764 3447 1810 3491 6.
1870 3447 2127 3492 humilis:
2155 3447 2242 3493 the
2267 3448 2520 3494 condition

422 3516 509 3559 the
551 3515 634 3559 old
675 3514 802 3567 legal
845 3525 984 3559 sense
1026 3515 1079 3557 of
1120 3514 1271 3565 fraus.
1348 3515 1421 3558 Cf.
1522 3515 1574 3556 of
1608 3525 1638 3556 a
1672 3514 1918 3558 decemvir
1953 3520 2040 3559 out
2076 3516 2128 3559 ot
2162 3517 2301 3560 office
2334 3518 2376 3560 is
2410 3528 2521 3569 sug-

427 3584 468 3627 1.
494 3584 572 3627 47.
598 3583 644 3626 9.
1523 3581 1706 3631 gested.

486 3652 535 3694 ο.
568 3649 809 3695 consuli:
834 3650 969 3702 pred.
996 3660 1126 3702 poss.
1153 3660 1261 3699 gen.
1320 3649 1423 3692 The
1587 3649 1666 3691 1⁰.
1700 3650 2058 3694 metuendos:
2106 3651 2183 3695 i.e.
2232 3652 2301 3703 by
2349 3652 2521 3703 taking

422 3721 643 3761 contrast
669 3719 711 3761 is
737 3717 859 3760 with
887 3719 993 3761 Irae
1025 3718 1113 3768 (7).
1523 3727 1590 3768 up
1649 3716 1734 3759 the
1792 3718 2018 3766 question
2076 3718 2128 3761 ot
2185 3719 2518 3770 punishment.

484 3785 535 3828 9.
568 3785 731 3829 scuto
774 3814 787 3827 .
822 3814 836 3828 .
871 3813 884 3827 .
924 3784 1134 3836 gladio:
1189 3784 1424 3834 referring
1522 3783 1812 3827 statuetis:
1853 3784 1972 3827 used
2014 3795 2070 3827 as
2109 3797 2140 3827 a
2181 3786 2392 3829 familiar
2431 3788 2520 3829 im-

422 3851 829 3904 metaphorically
882 3855 935 3894 to
988 3851 1073 3894 the
1122 3850 1219 3893 last
1271 3854 1423 3893 state·
1524 3852 1757 3901 perative.
