2975 4367
483 293 585 345 132
1395 290 1459 344 Τ.
1498 289 1656 344 LIVI
2314 291 2468 359 [XXX.
2508 294 2575 345 19

480 471 659 536 bitur
701 458 850 551 ager
891 471 1281 550 CampanuS,
1328 471 1513 534 vobis
1556 472 1780 551 Capua
1821 472 1975 535 urbs
2018 471 2546 553 frequentabitur
2556 493 2572 550 ;

483 571 913 646 conditorum,
986 570 1375 650 parentium,
1427 571 1698 634 deorum
1768 571 2236 635 immortalium
2306 592 2574 635 numero

483 671 669 758 nobis
707 670 905 746 511115,
948 668 1126 733 1111115
1165 669 1416 733 00101115
1456 677 1675 733 vestra
1712 671 1855 747 erit,
1898 691 2066 752 quae
2105 692 2222 734 nos
2261 672 2573 753 obsequio

385 789 449 833 20
481 792 633 851 erga
696 791 812 833 vos
876 770 1131 849 fideque
1192 776 1471 849 superet.
1564 771 1871 847 Adnuite,
1920 777 2138 851 patres
2203 771 2571 852 conscripti,

485 878 721 935 nutum
757 886 1128 949 numenque
1164 875 1455 932 vestrum
1491 870 1811 932 invictum
1847 871 2214 951 Campanis,
2251 877 2319 934 et
2355 872 2577 935 iubete

387 991 446 1032 21
482 991 739 1052 sperare
802 969 1191 1035 incolumem
1256 969 1549 1048 Capuam
1614 969 1923 1033 futuram.
2015 970 2161 1046 Qua
2211 969 2579 1052 frequentia

403 1120 412 1131 .
485 1072 778 1135 omnium
827 1090 1133 1150 generum
1185 1068 1624 1132 multitudinis
1673 1078 2103 1150 prosequente
2153 1070 2412 1134 creditis
2460 1092 2578 1134 nos

487 1171 657 1235 illinc
698 1170 1058 1252 profectos?
1145 1169 1359 1245 Quam
1409 1170 1631 1232 omnia
1682 1176 1986 1233 votorum
2039 1170 2581 1252 lacrimarumque

487 1272 679 1352 plena
741 1271 1108 1351 reliquisse?
1195 1270 1274 1331 In
1339 1290 1471 1350 qua
1534 1290 1705 1333 nunc
1769 1272 2224 1351 expectatione
2274 1278 2579 1334 senatum

487 1371 931 1452 populumque
1005 1371 1432 1450 Campanum,
1512 1371 1812 1450 coniuges
1887 1370 2247 1451 liberosque
2320 1378 2579 1434 nostros

390 1493 454 1535 22
486 1475 659 1536 esse?
746 1473 930 1535 Stare
963 1490 1225 1533 omnem
1271 1465 1762 1534 multitudinem
1807 1470 1889 1534 ad
1935 1478 2157 1550 portas
2202 1471 2380 1534 viam
2424 1471 2575 1534 hinc

488 1571 802 1636 ferentem
862 1577 1350 1650 prospectantes
1410 1577 1661 1633 certum
1710 1571 1935 1634 habeo.
2027 1570 2197 1646 Quid
2258 1570 2378 1634 illis
2437 1591 2577 1647 1105,

489 1679 707 1752 patres
753 1671 1118 1750 conscripti,
1164 1670 1451 1734 sollicitis
1499 1691 1571 1733 ac
1616 1671 2050 1750 pendentibus
2097 1671 2296 1733 animi
2339 1691 2577 1734 renun-

392 1793 455 1836 23
488 1773 651 1836 tiare
709 1772 982 1836 iubetis?
1069 1770 1367 1834 Alterum
1426 1790 1809 1850 responsum
1867 1771 2167 1847 salutem,
2216 1771 2579 1847 victoriam,

490 1872 698 1936 lucem
766 1893 840 1935 ac
907 1872 1297 1948 libertatem,
1367 1870 1646 1934 alterum
1673 1906 1755 1914 —
1777 1871 2052 1934 ominari
2119 1872 2346 1935 horreo
2413 1889 2583 1952 quae

491 1972 683 2036 serati
784 1972 1061 2035 Proinde
1117 1978 1193 2036 ut
1251 1978 1368 2035 aut
1424 1972 1506 2034 de
1564 1971 1795 2035 vestris
1852 1970 2088 2035 futuris
2143 1972 2331 2035 sociis
2382 1977 2583 2052 atque

491 2073 713 2137 amicis
755 2079 872 2136 aut
913 2091 1237 2153 nusquam
1280 2071 1423 2134 ullis
1464 2071 1701 2134 futuris
1743 2065 1929 2135 nobis
1971 2071 2326 2135 consulite!

427 2195 452 2236 1
615 2173 875 2235 XXXI.
924 2172 1257 2235 Submotis
1310 2171 1544 2234 deinde
1601 2171 1826 2251 legatis
1871 2188 2019 2235 cum
2065 2171 2398 2235 consultus
2440 2192 2585 2235 sen-

493 2279 642 2337 atus
695 2278 884 2349 esset,
942 2272 1065 2335 etsi
1123 2291 1397 2351 magnae
1452 2271 1625 2351 parti
1681 2272 1835 2335 urbs
1890 2273 2180 2335 maxima
2231 2271 2587 2352 opulentis-

491 2374 787 2454 simaque
829 2371 1079 2448 Italiae,
1124 2372 1487 2435 uberrimus
1531 2391 1681 2451 ager
1722 2372 2014 2452 marique
2054 2372 2458 2452 propinquus
2500 2371 2583 2435 ad

494 2473 845 2537 varietates
899 2492 1196 2535 annonae
1249 2473 1551 2534 horreum
1604 2471 1828 2551 populi
1884 2472 2167 2535 Romani
2220 2471 2355 2535 fore
2408 2471 2587 2534 vide-

492 2572 708 2649 batur,
750 2579 974 2636 tamen
1014 2578 1207 2635 tanta
1243 2570 1533 2634 utilitate
1571 2572 1731 2634 fides
1770 2571 2099 2652 antiquior
2136 2571 2282 2648 fuit,
2323 2592 2586 2652 respon-

429 2695 462 2739 2
492 2673 721 2753 ditque
772 2673 868 2736 ita
918 2693 1001 2736 ex
1053 2671 1446 2735 auctoritate
1497 2677 1764 2735 senatus
1816 2671 2064 2735 consul:
2119 2671 2410 2735 ‘auxilio‘
2444 2692 2580 2747 VOS,

493 2772 828 2853 Campani,
866 2772 1095 2851 dignos
1131 2778 1349 2835 censet
1383 2777 1670 2847 551151115,
1708 2770 1821 2834 sed
1857 2771 1954 2835 ita
1989 2772 2328 2835 vobiscum
2366 2771 2586 2835 amici-

494 2873 656 2936 tiam
685 2872 942 2936 institui
972 2892 1090 2951 par
1116 2878 1235 2948 est,
1267 2891 1349 2934 ne
1378 2891 1511 2951 qua
1540 2872 1859 2934 vetustior
1888 2872 2177 2935 amicitia
2207 2893 2279 2935 ac
2307 2872 2585 2935 societas

495 2971 789 3036 violetur.
880 2972 1204 3035 Samnites
1238 2971 1578 3034 nobiscum
1613 2971 1870 3035 foedere
1902 2972 2106 3035 iuncti
2141 2977 2295 3035 sunt
2306 2992 2321 3048 ;
2357 2972 2583 3052 itaque

495 3092 694 3147 arma,
764 3073 919 3134 deos
987 3073 1162 3150 prius
1230 3091 1430 3151 quam
1499 3071 1791 3134 homines
1861 3071 2203 3145 violatura,
2277 3071 2587 3134 adversus

557 3225 639 3267 20.
672 3223 919 3269 Adnuite
964 3253 977 3267 .
1022 3253 1035 3267 .
1081 3253 1095 3266 .
1134 3223 1349 3267 nutum
1388 3230 1493 3266 nu·
1594 3220 1853 3266 Samnites.

495 3299 762 3342 meaque}
785 3302 849 3332 an
873 3292 980 3342 epic
1002 3292 1155 3342 flaura
1176 3290 1491 3341 etymolom'ca,
1657 3289 1853 3333 XXXI.
1890 3290 1938 3333 1.
1971 3290 2043 3333 ad
2118 3290 2418 3333 varietate!
2494 3297 2591 3333 an·

493 3359 614 3401 with
678 3358 861 3410 speedy
925 3358 1227 3408 recognition
1291 3357 1343 3399 oi
1408 3357 1495 3399 the
1593 3365 1799 3400 nonae:
1850 3357 1945 3400 “to
1994 3360 2123 3400 meet
2172 3357 2491 3399 fluctuatione
2538 3357 2588 3399 in

494 3425 716 3468 Romans
746 3434 802 3467 as
832 3424 884 3467 in
915 3435 1110 3466 numero
1140 3425 1333 3467 deorum
1370 3424 1489 3473 (19).
1594 3423 1918 3474 provisions.''
1969 3423 2135 3466 tanta
2157 3451 2171 3466 .
2195 3451 2209 3466 .
2233 3451 2247 3466 .
2265 3422 2402 3467 tuit:
2423 3422 2592 3464 “their

555 3493 637 3535 22.
717 3491 1160 3543 prospectantes:
1257 3489 1494 3542 “eagerly
1593 3501 1731 3533 sense
1750 3490 1802 3532 ot
1823 3489 1979 3532 honor
1998 3500 2099 3533 was
2119 3494 2340 3540 stronger
2361 3489 2484 3532 than
2506 3489 2590 3531 the

492 3558 783 3609 scanning:''
841 3558 905 3601 ad
961 3567 1153 3600 sensum
1209 3561 1492 3608 agreement
1592 3556 1952 3600 consideration
1983 3557 2035 3599 ot
2068 3561 2203 3607 great
2237 3555 2589 3608 expediency.''

492 3626 614 3669 with
670 3624 936 3668 multitudo·
1028 3624 1206 3668 Others
1262 3628 1494 3667 construe
1594 3624 1849 3674 Antiquior
1895 3624 2174 3674 frequently
2222 3622 2413 3674 implies
2478 3622 2590 3666 that

492 3692 614 3736 with
642 3693 816 3743 porta-3.
876 3691 1081 3735 ammi:
1108 3691 1337 3736 locative.
1591 3692 1677 3735 the
1726 3691 1869 3743 thing
1917 3690 2076 3734 which
2125 3691 2216 3734 has
2265 3689 2497 3734 survived
2548 3690 2594 3732 is

556 3760 638 3802 28.
670 3758 929 3804 Proinde:
986 3769 1065 3802 see
1119 3769 1183 3801 on
1244 3760 1287 3803 1.
1343 3758 1390 3802 9.
1443 3760 1488 3802 4.
1590 3759 1767 3803 better.

494 3832 780 3876 nunquam
811 3853 825 3868 .
857 3853 871 3868 .
903 3853 917 3868 .
943 3823 1178 3868 tuturis:
1203 3825 1283 3870 Le.
1309 3825 1488 3868 refusal
1652 3826 1702 3869 2.
1736 3824 1889 3870 deon:
1954 3835 2010 3868 as
2072 3825 2323 3871 witnesses
2388 3822 2441 3866 ot
2504 3821 2593 3868 the

494 3894 660 3935 meant
718 3890 844 3935 their
900 3892 1223 3935 annihilationi
1280 3892 1349 3944 by
1405 3892 1491 3936 the
1591 3895 1770 3945 treaty.
1831 3892 1903 3936 Cr.
1931 3893 1976 3936 9.
2009 3893 2049 3936 1.
2079 3893 2124 3936 7.
2320 3914 2325 3917 ⁴
