2975 4367
456 281 541 348 12]
1110 325 1126 340 .
1283 281 1719 335 PRAEFATIO
2470 288 2541 340 25

452 468 788 542 parentem
835 463 1112 524 Martem
1157 462 1570 542 potissimum
1618 463 1805 539 ferat,
1852 468 1993 526 tam
2038 469 2104 527 et
2150 466 2271 527 hoc
2316 472 2541 545 gentes

449 562 775 624 humanae
860 562 1202 642 patiant-ur
1286 582 1495 643 aequo
1582 563 1819 640 anim0,
1908 583 2108 646 quam
2194 564 2537 645 imperium

450 662 812 741 patiuntur.

383 777 417 822 8
578 761 702 825 Sed
752 762 910 824 haec
959 768 1025 825 et
1076 763 1175 824 his
1221 762 1473 839 similia,
1525 769 1884 845 utcumque
1933 765 2386 828 animadversa
2421 770 2538 828 aut

447 861 825 924 existimata
883 867 1094 938 erunt,
1144 863 1318 924 haud
1364 863 1432 924 in
1482 883 1718 943 magno
1766 864 2066 945 equidem
2119 886 2358 944 ponam
2413 865 2541 927 dis-

384 976 416 1021 9
451 962 714 1023 crimine
725 981 742 1038 ς
795 961 877 1024 ad
929 961 1038 1024 illa
1088 962 1248 1024 mihi
1297 982 1415 1042 pro
1473 981 1543 1024 se
1594 963 1867 1044 quisque
1936 965 2169 1027 acriter
2237 964 2538 1027 intendat

450 1061 763 1137 animum,
850 1080 1017 1142 quae
1103 1062 1263 1138 vita,
1350 1062 1462 1143 qui
1549 1082 1760 1124 mores
1845 1063 2103 1141 fuerint,
2177 1084 2292 1144 per
2376 1083 2539 1144 quos

451 1161 624 1223 viros
669 1161 1036 1242 quibusque
1081 1162 1332 1225 artibus
1378 1160 1554 1223 domi
1603 1162 2000 1242 militiaeque
2045 1170 2114 1226 et
2158 1170 2422 1243 partum
2467 1170 2535 1227 et

451 1268 720 1324 auctum
788 1261 1133 1341 imperium
1203 1262 1287 1324 sit
1299 1283 1316 1339 ς
1388 1262 1649 1324 labente
1722 1262 1952 1324 deinde
2022 1263 2341 1343 paulatim
2413 1264 2542 1325 dis-

452 1361 689 1441 ciplina
747 1361 925 1424 velut
984 1361 1337 1423 desidentis
1393 1362 1604 1441 primo
1663 1348 1872 1424 mores
1928 1369 2240 1441 sequatur
2295 1364 2535 1440 anjm0‚

449 1461 682 1524 deinde
724 1467 801 1524 ut
848 1462 1053 1540 magis
1098 1462 1431 1542 magisque
1476 1462 1640 1542 lapsi
1687 1462 1837 1537 sint,
1883 1467 2029 1525 tum
2074 1463 2165 1524 ire
2209 1464 2537 1543 coeperint

448 1561 852 1642 praecipiteS,
912 1561 1116 1623 donec
1174 1562 1258 1624 ad
1316 1563 1472 1624 haec
1533 1570 1849 1641 tempora,
1910 1562 2147 1643 quibus
2202 1582 2319 1625 nec
2377 1563 2542 1625 vitia

351 1678 416 1723 10
450 1668 674 1725 nostra
713 1681 829 1724 nec
870 1661 1155 1724 remedia
1193 1662 1336 1742 pati
1374 1681 1739 1741 possumne,
1771 1670 2162 1741 perventum
2189 1669 2308 1725 est.
2398 1663 2540 1724 Hoc

448 1761 606 1824 illud
645 1768 747 1824 est
786 1762 1131 1842 praecipue
1169 1761 1236 1823 in
1278 1762 1643 1840 cognitione
1682 1782 1895 1823 rerum
1936 1762 2191 1825 salubre
2232 1783 2305 1825 ac
2345 1762 2544 1841 frugi-

448 1862 679 1939 ferum,
735 1863 946 1924 omnis
998 1867 1065 1923 te
1117 1862 1398 1940 exempli
1452 1861 1848 1924 documenta
1900 1863 1967 1925 in
2020 1861 2274 1924 inlustri
2327 1862 2543 1942 posita

449 1969 877 2026 monumento
915 1962 1157 2024 intueri
1167 1983 1183 2038 3
1224 1961 1375 2022 inde
1415 1961 1539 2023 tibi
1578 1968 1861 2040 tuaeque
1900 1961 1990 2023 rei
2030 1962 2327 2041 publicae
2366 1960 2541 2042 quod

384 2140 389 2145 .
447 2063 714 2126 imitere.
772 2062 1010 2142 capiaS‚
1084 2061 1235 2123 inde
1307 2060 1571 2123 foedum
1643 2060 1928 2140 inceptu,
2001 2061 2267 2123 foedum
2337 2062 2541 2137 exitu,

448 2164 623 2246 quod
666 2163 851 2226 vites

349 2283 408 2326 11
572 2265 874 2328 Ceterum
937 2270 1052 2327 aut
1117 2283 1222 2326 me
1285 2284 1468 2325 amor
1527 2261 1770 2341 negotii
1831 2261 2115 2341 suscepti
2177 2262 2362 2338 fallit,
2428 2266 2544 2324 aut

446 2366 624 2430 nulla
672 2385 990 2446 umquam
1041 2383 1141 2427 res
1189 2364 1452 2444 publica
1503 2382 1618 2424 nec
1672 2361 1878 2424 maior
1927 2381 2043 2423 nec
2093 2362 2377 2424 sanctior
2425 2380 2542 2422 nec

447 2467 633 2530 bonis
679 2466 994 2545 exemplis
1042 2465 1240 2534 ditior
1287 2463 1434 2539 fuit,
1485 2481 1602 2524 nec
1652 2461 1720 2524 in
1767 2482 1968 2542 quam
2018 2461 2355 2523 civitatem
2404 2467 2544 2523 tam

447 2586 624 2630 serae
666 2567 948 2630 avaritia
990 2566 1377 2645 luxuriaque
1419 2561 1956 2642 immigraverint‚
2005 2580 2121 2624 nec
2164 2561 2276 2623 ubi
2318 2567 2547 2623 tantus

447 2688 521 2731 ac
585 2673 726 2731 tam
793 2666 903 2729 diu
971 2664 1349 2746 paupertati
1416 2683 1489 2726 ac
1557 2663 1990 2743 parsimoniae
2056 2659 2260 2724 honos
2325 2661 2519 2722 fuerit
2531 2680 2545 2735 ;

448 2769 609 2831 adeo
650 2775 901 2850 quanto
941 2786 1157 2830 rerum
1197 2766 1432 2841 minUS,
1475 2769 1667 2826 tanto
1709 2764 1923 2825 minus
1964 2762 2345 2842 cupiditatis
2385 2766 2543 2822 erat.

351 2886 413 2928 12
448 2868 670 2948 Nuper
716 2867 986 2931 divitiae
1028 2866 1378 2930 avaritiam
1411 2869 1479 2926 et
1515 2862 1930 2927 abundantes
1964 2862 2338 2942 voluptates
2386 2860 2550 2922 desi-

448 2968 699 3031 derium
734 2989 849 3049 per
883 2968 1111 3030 luxum
1149 2973 1350 3048 atque
1387 2964 1723 3027 libidinem
1759 2962 2071 3045 pereundi
2106 2960 2548 3043 perdendique

506 3154 557 3197 9.
591 3152 663 3198 ad
695 3152 816 3198 ula:
850 3152 942 3205 ille,
981 3151 1243 3207 especially
1273 3151 1328 3197 ln
1361 3151 1447 3197 the
1611 3148 1693 3196 11.
1729 3148 2014 3197 ceterum:
2042 3167 2086 3184 ε-
2113 3146 2208 3195 sed.
2303 3144 2393 3192 See
2467 3145 2543 3190 In·

446 3225 597 3270 neut.¹
633 3221 770 3264 often
802 3223 951 3265 refers
985 3227 1037 3265 to
1069 3222 1204 3266 what
1238 3221 1447 3272 follows3
1550 3220 1678 3265 trod.
1698 3223 1755 3266 V.
1780 3224 1825 3265 5.
1873 3220 1935 3263 ln
1949 3225 2127 3270 quam
2149 3216 2468 3261 civitatem:
2499 3233 2538 3247 ==

446 3286 560 3330 here
586 3290 640 3330 to
666 3288 751 3330 the
776 3289 919 3333 indir.
949 3290 1216 3339 questions.
1277 3289 1445 3333 num:
1546 3288 1728 3338 civitas,
1773 3287 1831 3330 in
1873 3297 2031 3339 quam.
2107 3292 2284 3329 serae:
2327 3283 2428 3333 adj.
2474 3282 2551 3326 for

448 3349 625 3392 ethical
669 3349 795 3399 dat.;
841 3351 903 3394 “1
948 3352 1110 3396 would
1154 3353 1283 3396 have
1325 3352 1445 3396 each
1546 3352 1678 3403 adv„
1706 3352 1850 3396 while
1873 3352 1960 3395 diu
1985 3350 2141 3395 below
2166 3351 2206 3394 is
2232 3349 2317 3393 the
2341 3359 2549 3392 reverse.

449 3415 675 3467 person.”
729 3414 953 3462 labente
982 3449 995 3462 .
1025 3448 1037 3462 .
1068 3449 1081 3462 .
1105 3419 1447 3470 perventum
1545 3420 2004 3473 immgravennt
2044 3448 2057 3461 .
2098 3447 2112 3461 .
2153 3447 2167 3461 .
2203 3418 2399 3462 ruent:
2436 3418 2551 3461 sub-

448 3481 556 3525 est:
610 3482 696 3526 the
746 3484 1021 3536 metaphor.
1075 3486 1234 3528 which
1287 3486 1446 3530 shows
1544 3487 1769 3538 junctive
1815 3486 1866 3529 in
1913 3484 2298 3536 characterizlng
2343 3483 2550 3533 clauses:

448 3547 586 3591 three
614 3552 776 3599 stages
803 3551 855 3592 of
882 3562 911 3593 a
940 3551 1164 3601 building
1191 3553 1302 3596 that
1333 3564 1446 3604 goes
1546 3554 1633 3598 the
1668 3555 1853 3606 perfect
1891 3553 1966 3596 for
2000 3551 2267 3597 vividneSS.
2334 3558 2550 3595 rerum:

448 3618 503 3658 to
526 3617 651 3665 min,
678 3617 719 3659 is
742 3617 962 3670 dropped
988 3625 1041 3662 at
1065 3622 1224 3663 donec.
1548 3620 1879 3674 “properum’'

513 3681 592 3724 10.
628 3681 992 3728 documenta:
1063 3685 1287 3729 “lessous
1372 3688 1447 3730 for
1611 3688 1690 3730 12.
1725 3696 1823 3738 per
1898 3686 2102 3733 luxum
2178 3686 2352 3738 atque
2428 3684 2552 3729 ubi·

450 3747 722 3798 guidance”
745 3749 761 3797 (
786 3767 828 3782 ==
851 3761 968 3801 quae
981 3752 1181 3801 docent).
1238 3753 1446 3804 capiat:
1547 3754 1766 3799 dinem:
1816 3755 1906 3797 '‘in
1953 3753 2133 3798 wealth
2181 3752 2279 3796 and
2329 3756 2552 3795 wauton-

449 3813 535 3857 the
564 3814 715 3859 indes.
739 3817 917 3859 second
941 3819 1137 3870 person:
1170 3819 1303 3863 “one
1331 3831 1446 3873 may
1547 3822 1709 3867 neSS.'’
1822 3821 2092 3873 pereundi
2173 3819 2552 3872 perdendique

449 3880 567 3924 take
596 3886 714 3926 note
743 3884 845 3927 of.”
1367 3915 1372 3920 -
1547 3889 1766 3933 omma:
1825 3900 1891 3932 an
1949 3892 2191 3941 apparent
2251 3887 2408 3931 desire
2461 3885 2554 3929 “of
