2975 4367
479 251 551 306 48
1389 246 1452 299 T.
1496 246 1654 300 L1V1
2356 250 2493 317 [xxi.
2535 252 2562 303 1

480 431 641 495 dum
678 430 975 511 proximo
1012 428 1226 510 legum
1264 450 1338 493 ac
1375 449 1734 510 poenarum
1773 437 1950 494 metu
2008 430 2345 495 civitatem
2396 452 2572 512 rege-

482 539 645 595 rent.
737 534 825 594 Et
849 551 997 592 cum
1019 530 1144 609 ipsi
1164 549 1232 592 se
1254 530 1549 593 homines
1570 530 1638 592 in
1659 529 1843 609 regiS,
1870 530 2051 594 velut
2071 531 2244 593 unici
2267 533 2567 612 exempli,

483 651 693 695 mores
740 632 1117 707 formarent,
1169 637 1313 693 tum
1362 629 1624 693 finitimi
1670 629 1872 692 etiam
1922 631 2165 710 populi,
2217 632 2330 713 qui
2378 640 2572 697 antea

483 739 715 809 castra,
769 752 902 795 non
952 732 1181 793 urbem
1234 730 1517 810 positam
1570 730 1638 793 in
1691 730 1904 793 medio
1957 731 2041 794 ad
2094 731 2569 796 sollicitandam

480 831 772 895 omnium
806 850 1034 909 pacem
1068 830 1495 907 crediderant,
1530 830 1598 893 in
1629 850 1775 909 eam
1810 830 2266 894 verecundiam
2300 832 2569 896 adducti

482 939 655 1009 sunt,
718 938 797 995 ut
860 932 1197 998 civitatem
1260 937 1474 994 totam
1537 930 1607 994 in
1669 930 1919 995 cultum
1984 943 2239 994 versam
2300 932 2566 995 deorum

482 1032 722 1094 violare
756 1031 1066 1095 ducerent
1102 1031 1302 1094 nefas,

606 1133 714 1195 Ita
761 1132 892 1196 duo
939 1132 1243 1213 deinceps
1288 1151 1487 1212 regeS,
1539 1131 1703 1196 alius
1750 1131 1877 1195 alia
1923 1132 2053 1211 via,
2101 1131 2208 1196 ille
2255 1132 2423 1198 bello
2468 1134 2572 1197 hic

480 1252 659 1313 pace,
709 1233 1047 1296 civitatem
1094 1242 1436 1295 auxerunt.
1530 1232 1849 1295 Romulus
1892 1240 2145 1314 septem
2189 1241 2258 1298 et
2303 1235 2573 1315 triginta

480 1334 778 1413 regnavit
808 1352 1031 1409 annos,
1065 1333 1283 1394 Numa
1322 1338 1453 1394 tres
1491 1338 1560 1395 et
1599 1331 2052 1412 quadraginta.
2141 1334 2308 1397 Cum
2348 1333 2567 1397 valida

481 1439 626 1497 tum
669 1440 1037 1512 temperata
1078 1439 1146 1496 et
1190 1431 1340 1494 belli
1382 1439 1450 1495 et
1492 1431 1672 1513 pacis
1716 1432 1967 1494 artibus
2007 1439 2149 1497 erat
2193 1434 2442 1497 civitas,

605 1533 834 1597 XXII.
888 1534 1141 1595 Numae
1171 1539 1380 1595 morte
1410 1531 1495 1595 ad
1526 1532 1967 1612 interregnum
1995 1552 2096 1594 res
2125 1533 2335 1597 rediit.
2412 1534 2572 1597 Inde

478 1633 741 1696 Tullum
807 1633 1183 1709 Hostilium,-
1244 1638 1553 1712 nepotem
1624 1631 1883 1709 Hostili,
1953 1633 2134 1695 cuius
2209 1632 2277 1696 in
2349 1634 2574 1697 infima

481 1753 625 1796 arce
663 1733 834 1796 clara
862 1752 1083 1814 pugna
1112 1731 1423 1796 adversus
1463 1731 1738 1795 Sabinos
1774 1732 2008 1810 fuerat,
2039 1753 2254 1812 regem
2292 1734 2573 1815 populus

479 1833 665 1896 iussit
676 1854 694 1912 3
749 1840 970 1914 patres
1026 1840 1325 1896 auctores
1373 1832 1552 1895 facti.
1643 1831 1768 1894 Hic
1827 1854 1958 1895 non
2014 1833 2223 1895 solum
2272 1835 2571 1915 proximo

480 1933 611 2012 regi
654 1932 978 1995 dissimilis
1018 1932 1130 1995 sed
1171 1932 1442 1995 ferocior
1479 1932 1682 1995 etiam
1723 1952 1923 2013 quam
1965 1934 2283 1996 Romulus
2323 1935 2467 1997 fuit.

603 2033 869 2095 XXIII.
925 2033 1287 2114 Postquam
1350 2032 1585 2095 structi
1655 2034 1986 2114 utrimque
2065 2034 2354 2112 stabant,
2422 2055 2571 2097 cum

481 2133 699 2213 paucis
737 2154 1076 2214 procerum
1125 2133 1193 2196 in
1244 2132 1532 2195 medium
1576 2132 1772 2195 duces
1809 2133 2190 2213 procedunt.
2281 2134 2384 2197 Ibi
2424 2136 2568 2199 infit

477 2233 795 2297 Albanus:
848 2234 1144 2297 ‘iniurias
1187 2240 1256 2297 et
1300 2255 1433 2297 non
1478 2232 1766 2295 redditas
1811 2252 1930 2310 reS,
1978 2253 2061 2295 ex
2105 2234 2360 2297 foedere
2397 2255 2565 2315 quae

476 2335 791 2414 repetitae
851 2334 1005 2411 sint,
1057 2341 1126 2397 et
1173 2354 1292 2414 ego
1341 2333 1567 2413 regem'
1606 2339 1903 2395 nostrum
1955 2333 2255 2397 Cluilium
2306 2354 2570 2398 causam

476 2435 740 2496 huiusce
786 2454 924 2497 esse
973 2434 1122 2496 belli
1179 2434 1433 2497 audisse
1492 2433 1716 2495 videor
1769 2452 1886 2496 nec
1948 2439 2014 2496 te
2071 2433 2322 2511 dubito,
2364 2434 2567 2511 Tulle,

474 2535 703 2597 eadem
757 2555 912 2615 prae
969 2541 1034 2598 te
1089 2535 1281 2612 ferre3
1332 2533 1445 2596 sed
1506 2532 1560 2594 si
1613 2552 1768 2596 vera
1831 2533 2053 2614 potius
2121 2554 2321 2614 quam
2388 2533 2567 2598 dictu

473 2635 762 2715 speciosa
828 2635 1103 2698 dicenda
1167 2641 1343 2711 sunt,
1412 2632 1649 2713 cupido
1713 2632 1967 2713 imperii
2032 2633 2195 2696 duos
2260 2642 2571 2714 cognatos

472 2872 577 2917 sear
636 2872 689 2916 of
749 2871 1068 2926 punishment
1132 2869 1312 2923 wholly
1372 2879 1474 2914 sec-

471 2940 677 2993 ondary.

533 3009 584 3051 2.
617 3015 752 3051 cum
775 3015 833 3051 se
864 3036 878 3051 .
909 3035 923 3051 .
953 3036 969 3050 .
993 3006 1331 3050 zormu-ent:
1356 3016 1472 3048 cau-

471 3076 563 3124 sal;
612 3076 783 3118 “since
828 3074 904 3118 his
950 3085 1063 3117 men
1108 3073 1338 3117 imitated
1384 3073 1471 3116 the

470 3142 723 3185 character
761 3142 864 3189 of.'’
905 3145 992 3184 not
1034 3141 1152 3192 only
1191 3152 1292 3183 was
1331 3141 1470 3183 there

469 3220 534 3251 an
589 3209 731 3251 effect
787 3218 919 3259 upon
977 3210 1128 3258 them,
1188 3209 1280 3252 but
1334 3220 1469 3261 upon

469 3276 555 3319 the
614 3275 889 3325 neighbors.
971 3275 1152 3318 unici:
1178 3291 1222 3307 =
1244 3276 1467 3326 praestan

467 3341 656 3386 tissimi.

531 3410 703 3454 XXII.
738 3410 788 3453 1·
820 3409 983 3455 0111118
1016 3438 1032 3453 .
1063 3437 1080 3454 0
1111 3437 1128 3454 0
1155 3417 1373 3462 Dum}
1401 3411 1465 3455 cf.

472 3478 544 3521 12.
574 3478 620 3521 2.

468 3579 667 3623 XXIII.
705 3579 954 3624 o-XXIV.
990 3580 1037 3625 3.
1074 3581 1241 3625 XXV.
1310 3581 1466 3627 CON-

528 3647 845 3691 FERENGE
916 3648 1097 3692 WITH
1159 3649 1297 3693 THE
1353 3651 1465 3694 AL-

527 3712 725 3758 BANS.
850 3715 986 3758 THE
1065 3716 1276 3761 FIGHT
1352 3719 1464 3762 BE-

1647 2868 1756 2923 The
1829 2870 2047 2924 warlilce
2119 2871 2442 2939 disposition
2515 2873 2572 2940 ot

1575 2938 1768 2990 Tullus
1801 2939 2089 3004 Hostilius,
2127 2940 2211 2992 the
2244 2940 2387 2992 third
2420 2940 2566 3006 kiny,

1569 3022 1699 3058 soon
1725 3007 1966 3059 involved
1992 3007 2076 3059 the
2103 3007 2341 3059 Romans
2368 3008 2431 3059 in
2458 3023 2571 3059 war

1568 3072 1696 3124 with
1732 3073 1816 3124 the
1856 3072 2078 3137 Alban-3,
2121 3074 2211 3125 but
2251 3074 2420 3140 before
2457 3091 2571 3141 any

1568 3138 1721 3191 battle
1765 3141 2009 3191 occurred
2053 3140 2136 3192 the
2179 3139 2359 3192 Alban
2402 3141 2569 3193 dicta-

1566 3211 1661 3269 tor,
1692 3205 1921 3258 Mettius
1947 3207 2214 3273 Fufetia-3,
2247 3208 2505 3275 proposed
2531 3225 2568 3260 a

1566 3274 1866 3339 conference
1909 3273 2037 3325 with
2083 3274 2276 3326 Tullus
2318 3292 2391 3328 on
2432 3280 2567 3327 mat—

1565 3345 1668 3392 ters
1698 3341 1753 3406 of
1781 3357 2022 3393 common
2049 3341 2279 3396 intere-st.

1627 3454 1830 3501 XXIII.
1865 3458 1914 3500 6.
1950 3454 2255 3509 Postquam
2293 3486 2308 3500 .
2348 3486 2362 3501 .

1564 3522 1728 3567 bant:
1759 3534 1839 3567 see
1871 3524 2059 3567 Introd.
2086 3527 2142 3570 V.
2168 3529 2211 3568 4.
2236 3537 2274 3569 e.

1625 3592 1675 3633 ’1.
1707 3590 1863 3633 infit:
1889 3590 2083 3633 archaic
2108 3592 2183 3633 sor
2206 3591 2395 3642 incipit.
2445 3599 2563 3634 non

1561 3656 1808 3700 redditu
1854 3665 1967 3700 res:
2017 3657 2230 3701 “faiiure
2278 3662 2331 3701 to
2379 3661 2564 3701 restore

1559 3723 1847 3776 property.”
1936 3732 2151 3775 regem:
2209 3735 2275 3767 sc.
2333 3725 2561 3768 dicentem

2403 3457 2566 3501 ,εἴι-

532 3782 775 3825 TWEEN
814 3784 950 3826 THE
994 3784 1174 3829 HORA
1187 3786 1281 3831 TII
1300 3788 1461 3850 ⁴AND
1560 3789 1687 3831 from
1726 3800 1840 3841 prae
1880 3791 1924 3833 te
1961 3791 2094 3842 ferre.
2129 3790 2371 3841 “allega”
2434 3800 2563 3835 cau·

533 3850 668 3895 THE
701 3850 1028 3901 CURJATII.

1557 3864 1706 3901 sam:
1776 3857 1911 3911 pred.
1965 3859 2018 3902 or
2068 3868 2166 3903 esse
2238 3857 2560 3910 understood.
