<?xml version="1.0" encoding="UTF-8"?>
<!DOCTYPE html PUBLIC "-//W3C//DTD XHTML 1.0 Transitional//EN"
    "http://www.w3.org/TR/xhtml1/DTD/xhtml1-transitional.dtd">
<html xmlns="http://www.w3.org/1999/xhtml" xml:lang="en" lang="en">
 <head>
  <title>
</title>
<meta http-equiv="Content-Type" content="text/html;charset=utf-8" />
  <meta name='ocr-system' content='tesseract 3.04.00' />
  <meta name='ocr-capabilities' content='ocr_page ocr_carea ocr_par ocr_line ocrx_word'/>
</head>
<body>
  <div class='ocr_page' id='page_1' title='image "./livyselectionsf00longgoog_0079.png"; bbox 0 0 2975 4367; ppageno 0'>
   <div class='ocr_carea' id='block_1_1' title="bbox 488 329 656 398">
    <p class='ocr_par' dir='ltr' id='par_1_1' title="bbox 488 329 656 398">
     <span class='ocr_line' id='line_1_1' title="bbox 488 329 656 398; baseline 0 -11"><span class='ocrx_word' id='word_1_1' title='bbox 488 332 563 387; x_wconf 81' lang='lat' dir='ltr'>ix,</span> <span class='ocrx_word' id='word_1_2' title='bbox 603 329 656 398; x_wconf 88' lang='lat'>8]</span> 
     </span>
    </p>
   </div>
   <div class='ocr_carea' id='block_1_2' title="bbox 1356 324 2578 382">
    <p class='ocr_par' dir='ltr' id='par_1_2' title="bbox 1356 324 2578 382">
     <span class='ocr_line' id='line_1_2' title="bbox 1356 324 2578 382; baseline 0 0"><span class='ocrx_word' id='word_1_3' title='bbox 1356 324 1593 382; x_wconf 87' lang='lat' dir='ltr'>LIBER</span> <span class='ocrx_word' id='word_1_4' title='bbox 1629 324 1690 381; x_wconf 93' lang='lat'>11</span> <span class='ocrx_word' id='word_1_5' title='bbox 2509 328 2578 382; x_wconf 89' lang='lat'>75</span> 
     </span>
    </p>
   </div>
   <div class='ocr_carea' id='block_1_3' title="bbox 425 509 2581 1092">
    <p class='ocr_par' dir='ltr' id='par_1_3' title="bbox 425 509 2581 994">
     <span class='ocr_line' id='line_1_3' title="bbox 616 509 2581 590; baseline -0.003 -15"><span class='ocrx_word' id='word_1_6' title='bbox 616 514 704 576; x_wconf 94' lang='grc' dir='ltr'>ΙΙ.</span> <span class='ocrx_word' id='word_1_7' title='bbox 747 515 993 577; x_wconf 84' lang='lat' dir='ltr'><strong>Rerum</strong></span> <span class='ocrx_word' id='word_1_8' title='bbox 1015 511 1248 575; x_wconf 92' lang='lat' dir='ltr'>deinde</span> <span class='ocrx_word' id='word_1_9' title='bbox 1270 510 1643 573; x_wconf 91' lang='lat' dir='ltr'>divinarum</span> <span class='ocrx_word' id='word_1_10' title='bbox 1666 509 1893 572; x_wconf 89' lang='lat' dir='ltr'>habita</span> <span class='ocrx_word' id='word_1_11' title='bbox 1916 529 2095 586; x_wconf 79' lang='lat' dir='ltr'>cura3</span> <span class='ocrx_word' id='word_1_12' title='bbox 2117 517 2185 573; x_wconf 92' lang='lat' dir='ltr'>et</span> <span class='ocrx_word' id='word_1_13' title='bbox 2207 509 2363 589; x_wconf 91' lang='lat' dir='ltr'>quia</span> <span class='ocrx_word' id='word_1_14' title='bbox 2385 528 2581 590; x_wconf 90' lang='lat' dir='ltr'>quae-</span> 
     </span>
     <span class='ocr_line' id='line_1_4' title="bbox 489 608 2575 693; baseline -0.003 -18"><span class='ocrx_word' id='word_1_15' title='bbox 489 614 643 677; x_wconf 91' lang='lat' dir='ltr'>dam</span> <span class='ocrx_word' id='word_1_16' title='bbox 678 613 939 693; x_wconf 88' lang='lat' dir='ltr'>publica</span> <span class='ocrx_word' id='word_1_17' title='bbox 972 633 1155 676; x_wconf 91' lang='lat' dir='ltr'>sacra</span> <span class='ocrx_word' id='word_1_18' title='bbox 1189 632 1304 691; x_wconf 90' lang='lat' dir='ltr'>per</span> <span class='ocrx_word' id='word_1_19' title='bbox 1337 611 1510 691; x_wconf 91' lang='lat' dir='ltr'>ipsos</span> <span class='ocrx_word' id='word_1_20' title='bbox 1531 630 1722 690; x_wconf 55' lang='lat' dir='ltr'>*reges</span> <span class='ocrx_word' id='word_1_21' title='bbox 1757 609 2063 672; x_wconf 77' lang='lat' dir='ltr'>factitata</span> <span class='ocrx_word' id='word_1_22' title='bbox 2096 616 2303 685; x_wconf 89' lang='lat' dir='ltr'>erant,</span> <span class='ocrx_word' id='word_1_23' title='bbox 2341 608 2575 671; x_wconf 81' lang='lat' dir='ltr'>necubi</span> 
     </span>
     <span class='ocr_line' id='line_1_5' title="bbox 425 707 2578 794; baseline -0.003 -18"><span class='ocrx_word' id='word_1_24' title='bbox 425 728 455 769; x_wconf 91' lang='lat'>2</span> <span class='ocrx_word' id='word_1_25' title='bbox 489 734 713 794; x_wconf 87' lang='lat' dir='ltr'>regum</span> <span class='ocrx_word' id='word_1_26' title='bbox 761 713 1150 775; x_wconf 90' lang='lat' dir='ltr'>desiderium</span> <span class='ocrx_word' id='word_1_27' title='bbox 1197 717 1386 787; x_wconf 89' lang='lat' dir='ltr'>esset,</span> <span class='ocrx_word' id='word_1_28' title='bbox 1424 730 1638 790; x_wconf 84' lang='lat' dir='ltr'>regem</span> <span class='ocrx_word' id='word_1_29' title='bbox 1687 708 2118 773; x_wconf 90' lang='lat' dir='ltr'>sacrificulum</span> <span class='ocrx_word' id='word_1_30' title='bbox 2168 715 2408 771; x_wconf 89' lang='lat' dir='ltr'>creant.</span> <span class='ocrx_word' id='word_1_31' title='bbox 2500 707 2578 770; x_wconf 94' lang='lat' dir='ltr'>Id</span> 
     </span>
     <span class='ocr_line' id='line_1_6' title="bbox 488 807 2581 891; baseline -0.002 -15"><span class='ocrx_word' id='word_1_32' title='bbox 488 813 925 876; x_wconf 81' lang='lat' dir='ltr'>sacerdotium</span> <span class='ocrx_word' id='word_1_33' title='bbox 961 812 1254 891; x_wconf 90' lang='lat' dir='ltr'>pontifici</span> <span class='ocrx_word' id='word_1_34' title='bbox 1289 811 1635 886; x_wconf 92' lang='lat' dir='ltr'>subiecere,</span> <span class='ocrx_word' id='word_1_35' title='bbox 1675 830 1755 872; x_wconf 91' lang='lat' dir='ltr'>ne</span> <span class='ocrx_word' id='word_1_36' title='bbox 1792 808 2054 872; x_wconf 88' lang='lat' dir='ltr'>additus</span> <span class='ocrx_word' id='word_1_37' title='bbox 2090 807 2338 871; x_wconf 91' lang='lat' dir='ltr'>nomini</span> <span class='ocrx_word' id='word_1_38' title='bbox 2374 809 2581 871; x_wconf 82' lang='lat' dir='ltr'>honos</span> 
     </span>
     <span class='ocr_line' id='line_1_7' title="bbox 491 909 2573 994; baseline -0.002 -18"><span class='ocrx_word' id='word_1_39' title='bbox 491 912 734 994; x_wconf 90' lang='lat' dir='ltr'>aliquid</span> <span class='ocrx_word' id='word_1_40' title='bbox 787 911 1094 988; x_wconf 84' lang='lat' dir='ltr'>libertati,</span> <span class='ocrx_word' id='word_1_41' title='bbox 1150 910 1331 973; x_wconf 90' lang='lat' dir='ltr'>cuius</span> <span class='ocrx_word' id='word_1_42' title='bbox 1382 917 1539 972; x_wconf 91' lang='lat' dir='ltr'>tunc</span> <span class='ocrx_word' id='word_1_43' title='bbox 1592 909 1802 989; x_wconf 91' lang='lat' dir='ltr'>prima</span> <span class='ocrx_word' id='word_1_44' title='bbox 1851 917 1991 972; x_wconf 91' lang='lat' dir='ltr'>erat</span> <span class='ocrx_word' id='word_1_45' title='bbox 2044 928 2216 984; x_wconf 92' lang='lat' dir='ltr'>cura,</span> <span class='ocrx_word' id='word_1_46' title='bbox 2270 909 2573 972; x_wconf 89' lang='lat' dir='ltr'>officeret.</span> 
     </span>
    </p>

    <p class='ocr_par' dir='ltr' id='par_1_4' title="bbox 616 1009 2579 1092">
     <span class='ocr_line' id='line_1_8' title="bbox 616 1009 2579 1092; baseline -0.003 -17"><span class='ocrx_word' id='word_1_47' title='bbox 616 1014 735 1075; x_wconf 92' lang='lat' dir='ltr'>IX.</span> <span class='ocrx_word' id='word_1_48' title='bbox 786 1013 927 1075; x_wconf 92' lang='lat' dir='ltr'>Iam</span> <span class='ocrx_word' id='word_1_49' title='bbox 973 1011 1308 1092; x_wconf 90' lang='lat' dir='ltr'>Tarquinii</span> <span class='ocrx_word' id='word_1_50' title='bbox 1354 1010 1436 1072; x_wconf 91' lang='lat' dir='ltr'>ad</span> <span class='ocrx_word' id='word_1_51' title='bbox 1484 1012 1747 1073; x_wconf 89' lang='lat' dir='ltr'>Lartem</span> <span class='ocrx_word' id='word_1_52' title='bbox 1792 1009 2194 1085; x_wconf 84' lang='lat' dir='ltr'>Porsinnam,</span> <span class='ocrx_word' id='word_1_53' title='bbox 2246 1009 2579 1072; x_wconf 87' lang='lat' dir='ltr'>Clusinum</span> 
     </span>
    </p>
   </div>
   <div class='ocr_carea' id='block_1_4' title="bbox 488 1114 1216 1193">
    <p class='ocr_par' dir='ltr' id='par_1_5' title="bbox 488 1114 1216 1193">
     <span class='ocr_line' id='line_1_9' title="bbox 488 1114 1216 1193; baseline -0.005 -17"><span class='ocrx_word' id='word_1_54' title='bbox 488 1133 723 1193; x_wconf 85' lang='lat' dir='ltr'>regem,</span> <span class='ocrx_word' id='word_1_55' title='bbox 781 1114 1216 1192; x_wconf 84' lang='lat' dir='ltr'>perfugerant.</span> 
     </span>
    </p>
   </div>
   <div class='ocr_carea' id='block_1_5' title="bbox 1308 1109 2581 1190">
    <p class='ocr_par' dir='ltr' id='par_1_6' title="bbox 1308 1109 2581 1190">
     <span class='ocr_line' id='line_1_10' title="bbox 1308 1109 2581 1190; baseline 0 -18"><span class='ocrx_word' id='word_1_56' title='bbox 1308 1110 1409 1172; x_wconf 92' lang='lat' dir='ltr'>Ibi</span> <span class='ocrx_word' id='word_1_57' title='bbox 1467 1110 1794 1173; x_wconf 92' lang='lat' dir='ltr'>miscendo</span> <span class='ocrx_word' id='word_1_58' title='bbox 1848 1109 2185 1172; x_wconf 90' lang='lat' dir='ltr'>consilium</span> <span class='ocrx_word' id='word_1_59' title='bbox 2231 1129 2581 1190; x_wconf 90' lang='lat' dir='ltr'>precesque</span> 
     </span>
    </p>
   </div>
   <div class='ocr_carea' id='block_1_6' title="bbox 424 1210 2581 1490">
    <p class='ocr_par' dir='ltr' id='par_1_7' title="bbox 424 1210 2581 1490">
     <span class='ocr_line' id='line_1_11' title="bbox 488 1210 2580 1289; baseline -0.002 -13"><span class='ocrx_word' id='word_1_60' title='bbox 488 1233 660 1276; x_wconf 94' lang='lat' dir='ltr'>nunc</span> <span class='ocrx_word' id='word_1_61' title='bbox 726 1213 1024 1289; x_wconf 90' lang='lat' dir='ltr'>orabant,</span> <span class='ocrx_word' id='word_1_62' title='bbox 1094 1232 1174 1274; x_wconf 92' lang='lat' dir='ltr'>ne</span> <span class='ocrx_word' id='word_1_63' title='bbox 1238 1231 1326 1288; x_wconf 92' lang='lat' dir='ltr'>se,</span> <span class='ocrx_word' id='word_1_64' title='bbox 1394 1210 1701 1275; x_wconf 89' lang='lat' dir='ltr'>oriundos</span> <span class='ocrx_word' id='word_1_65' title='bbox 1765 1231 1848 1272; x_wconf 84' lang='lat' dir='ltr'>ex</span> <span class='ocrx_word' id='word_1_66' title='bbox 1915 1211 2222 1287; x_wconf 88' lang='lat' dir='ltr'>Etruscis,</span> <span class='ocrx_word' id='word_1_67' title='bbox 2291 1210 2580 1273; x_wconf 91' lang='lat' dir='ltr'>eiusdem</span> 
     </span>
     <span class='ocr_line' id='line_1_12' title="bbox 424 1310 2580 1392; baseline 0.001 -22"><span class='ocrx_word' id='word_1_68' title='bbox 424 1331 454 1370; x_wconf 87' lang='lat'>2</span> <span class='ocrx_word' id='word_1_69' title='bbox 487 1313 818 1392; x_wconf 85' lang='lat' dir='ltr'>sanguinis</span> <span class='ocrx_word' id='word_1_70' title='bbox 876 1313 1304 1392; x_wconf 84' lang='lat' dir='ltr'>nominisque,</span> <span class='ocrx_word' id='word_1_71' title='bbox 1351 1319 1613 1390; x_wconf 87' lang='lat' dir='ltr'>egentes</span> <span class='ocrx_word' id='word_1_72' title='bbox 1669 1310 1961 1373; x_wconf 86' lang='lat' dir='ltr'>exsulare</span> <span class='ocrx_word' id='word_1_73' title='bbox 2006 1318 2359 1389; x_wconf 91' lang='lat' dir='ltr'>pateretur,</span> <span class='ocrx_word' id='word_1_74' title='bbox 2406 1330 2580 1374; x_wconf 91' lang='lat' dir='ltr'>nunc</span> 
     </span>
     <span class='ocr_line' id='line_1_13' title="bbox 491 1410 2581 1490; baseline -0 -16"><span class='ocrx_word' id='word_1_75' title='bbox 491 1412 846 1476; x_wconf 91' lang='lat' dir='ltr'>monebant</span> <span class='ocrx_word' id='word_1_76' title='bbox 914 1413 1135 1488; x_wconf 91' lang='lat' dir='ltr'>etiam,</span> <span class='ocrx_word' id='word_1_77' title='bbox 1207 1432 1287 1476; x_wconf 90' lang='lat' dir='ltr'>ne</span> <span class='ocrx_word' id='word_1_78' title='bbox 1356 1413 1672 1475; x_wconf 92' lang='lat' dir='ltr'>orientem</span> <span class='ocrx_word' id='word_1_79' title='bbox 1742 1431 1985 1487; x_wconf 79' lang='lat' dir='ltr'>morem</span> <span class='ocrx_word' id='word_1_80' title='bbox 2056 1410 2334 1490; x_wconf 91' lang='lat' dir='ltr'>pellendi</span> <span class='ocrx_word' id='word_1_81' title='bbox 2403 1431 2581 1490; x_wconf 85' lang='lat' dir='ltr'>reges</span> 
     </span>
    </p>
   </div>
   <div class='ocr_carea' id='block_1_7' title="bbox 424 1511 1103 1576">
    <p class='ocr_par' dir='ltr' id='par_1_8' title="bbox 424 1511 1103 1576">
     <span class='ocr_line' id='line_1_14' title="bbox 424 1511 1103 1576; baseline 0.006 -6"><span class='ocrx_word' id='word_1_82' title='bbox 424 1530 454 1570; x_wconf 84' lang='lat'>4</span> <span class='ocrx_word' id='word_1_83' title='bbox 488 1511 772 1576; x_wconf 88' lang='lat' dir='ltr'>inultum</span> <span class='ocrx_word' id='word_1_84' title='bbox 846 1512 1103 1576; x_wconf 91' lang='lat' dir='ltr'>sineret.</span> 
     </span>
    </p>
   </div>
   <div class='ocr_carea' id='block_1_8' title="bbox 1194 1512 1528 1588">
    <p class='ocr_par' dir='ltr' id='par_1_9' title="bbox 1194 1512 1528 1588">
     <span class='ocr_line' id='line_1_15' title="bbox 1194 1512 1528 1588; baseline 0 -13"><span class='ocrx_word' id='word_1_85' title='bbox 1194 1512 1528 1588; x_wconf 90' lang='lat' dir='ltr'>Porsinna,</span> 
     </span>
    </p>
   </div>
   <div class='ocr_carea' id='block_1_9' title="bbox 1608 1512 2581 1590">
    <p class='ocr_par' dir='ltr' id='par_1_10' title="bbox 1608 1512 2581 1590">
     <span class='ocr_line' id='line_1_16' title="bbox 1608 1512 2581 1590; baseline 0.001 -18"><span class='ocrx_word' id='word_1_86' title='bbox 1608 1532 1756 1572; x_wconf 93' lang='lat' dir='ltr'>cum</span> <span class='ocrx_word' id='word_1_87' title='bbox 1830 1531 2044 1590; x_wconf 87' lang='lat' dir='ltr'>regem</span> <span class='ocrx_word' id='word_1_88' title='bbox 2118 1531 2254 1574; x_wconf 90' lang='lat' dir='ltr'>esse</span> <span class='ocrx_word' id='word_1_89' title='bbox 2331 1512 2581 1574; x_wconf 88' lang='lat' dir='ltr'>Romae</span> 
     </span>
    </p>
   </div>
   <div class='ocr_carea' id='block_1_10' title="bbox 490 1611 2579 1692">
    <p class='ocr_par' dir='ltr' id='par_1_11' title="bbox 490 1611 2579 1692">
     <span class='ocr_line' id='line_1_17' title="bbox 490 1611 2579 1692; baseline -0.001 -18"><span class='ocrx_word' id='word_1_90' title='bbox 490 1620 634 1675; x_wconf 90' lang='lat' dir='ltr'>tum</span> <span class='ocrx_word' id='word_1_91' title='bbox 667 1616 978 1677; x_wconf 88' lang='lat' dir='ltr'>Etruscae</span> <span class='ocrx_word' id='word_1_92' title='bbox 1009 1614 1216 1692; x_wconf 87' lang='lat' dir='ltr'>gentis</span> <span class='ocrx_word' id='word_1_93' title='bbox 1245 1632 1458 1691; x_wconf 86' lang='lat' dir='ltr'>regem</span> <span class='ocrx_word' id='word_1_94' title='bbox 1489 1611 1781 1691; x_wconf 90' lang='lat' dir='ltr'>amplum</span> <span class='ocrx_word' id='word_1_95' title='bbox 1810 1612 2034 1675; x_wconf 91' lang='lat' dir='ltr'>Tuscis</span> <span class='ocrx_word' id='word_1_96' title='bbox 2062 1618 2262 1688; x_wconf 89' lang='lat' dir='ltr'>ratus,</span> <span class='ocrx_word' id='word_1_97' title='bbox 2297 1612 2579 1674; x_wconf 89' lang='lat' dir='ltr'>Romam</span> 
     </span>
    </p>
   </div>
   <div class='ocr_carea' id='block_1_11' title="bbox 423 1713 1294 1776">
    <p class='ocr_par' dir='ltr' id='par_1_12' title="bbox 423 1713 1294 1776">
     <span class='ocr_line' id='line_1_18' title="bbox 423 1713 1294 1776; baseline 0.001 -3"><span class='ocrx_word' id='word_1_98' title='bbox 423 1731 453 1773; x_wconf 84' lang='lat'>5</span> <span class='ocrx_word' id='word_1_99' title='bbox 488 1713 726 1776; x_wconf 88' lang='lat' dir='ltr'>infesto</span> <span class='ocrx_word' id='word_1_100' title='bbox 767 1714 1054 1776; x_wconf 86' lang='lat' dir='ltr'>exercitu</span> <span class='ocrx_word' id='word_1_101' title='bbox 1096 1713 1294 1776; x_wconf 92' lang='lat' dir='ltr'>venit.</span> 
     </span>
    </p>
   </div>
   <div class='ocr_carea' id='block_1_12' title="bbox 1386 1712 2582 1792">
    <p class='ocr_par' dir='ltr' id='par_1_13' title="bbox 1386 1712 2582 1792">
     <span class='ocr_line' id='line_1_19' title="bbox 1386 1712 2582 1792; baseline 0.002 -18"><span class='ocrx_word' id='word_1_102' title='bbox 1386 1713 1535 1774; x_wconf 92' lang='lat' dir='ltr'>Non</span> <span class='ocrx_word' id='word_1_103' title='bbox 1580 1732 1897 1792; x_wconf 91' lang='lat' dir='ltr'>umquam</span> <span class='ocrx_word' id='word_1_104' title='bbox 1947 1712 2104 1775; x_wconf 90' lang='lat' dir='ltr'>alias</span> <span class='ocrx_word' id='word_1_105' title='bbox 2153 1719 2305 1774; x_wconf 89' lang='lat' dir='ltr'>ante</span> <span class='ocrx_word' id='word_1_106' title='bbox 2353 1718 2582 1776; x_wconf 87' lang='lat' dir='ltr'>tantus</span> 
     </span>
    </p>
   </div>
   <div class='ocr_carea' id='block_1_13' title="bbox 490 1812 2581 1889">
    <p class='ocr_par' dir='ltr' id='par_1_14' title="bbox 490 1812 2581 1889">
     <span class='ocr_line' id='line_1_20' title="bbox 490 1812 2581 1889; baseline 0 -14"><span class='ocrx_word' id='word_1_107' title='bbox 490 1820 696 1876; x_wconf 92' lang='lat' dir='ltr'>terror</span> <span class='ocrx_word' id='word_1_108' title='bbox 755 1821 1057 1877; x_wconf 91' lang='lat' dir='ltr'>senatum</span> <span class='ocrx_word' id='word_1_109' title='bbox 1117 1813 1359 1876; x_wconf 90' lang='lat' dir='ltr'>invasit</span> <span class='ocrx_word' id='word_1_110' title='bbox 1370 1834 1385 1889; x_wconf 91' lang='lat'>;</span> <span class='ocrx_word' id='word_1_111' title='bbox 1450 1812 1612 1875; x_wconf 86' lang='lat' dir='ltr'>adeo</span> <span class='ocrx_word' id='word_1_112' title='bbox 1675 1812 1893 1874; x_wconf 86' lang='lat' dir='ltr'>valida</span> <span class='ocrx_word' id='word_1_113' title='bbox 1953 1833 2052 1875; x_wconf 90' lang='lat' dir='ltr'>res</span> <span class='ocrx_word' id='word_1_114' title='bbox 2115 1819 2258 1875; x_wconf 91' lang='lat' dir='ltr'>tum</span> <span class='ocrx_word' id='word_1_115' title='bbox 2320 1812 2581 1875; x_wconf 85' lang='lat' dir='ltr'>Clusina</span> 
     </span>
    </p>
   </div>
   <div class='ocr_carea' id='block_1_14' title="bbox 487 1913 1847 1993">
    <p class='ocr_par' dir='ltr' id='par_1_15' title="bbox 487 1913 1847 1993">
     <span class='ocr_line' id='line_1_21' title="bbox 487 1913 1847 1993; baseline -0.001 -19"><span class='ocrx_word' id='word_1_116' title='bbox 487 1920 630 1976; x_wconf 92' lang='lat' dir='ltr'>erat</span> <span class='ocrx_word' id='word_1_117' title='bbox 686 1932 1126 1993; x_wconf 85' lang='lat' dir='ltr'>magnumque</span> <span class='ocrx_word' id='word_1_118' title='bbox 1183 1913 1535 1975; x_wconf 90' lang='lat' dir='ltr'>Porsinnae</span> <span class='ocrx_word' id='word_1_119' title='bbox 1591 1932 1847 1975; x_wconf 91' lang='lat' dir='ltr'>nomen.</span> 
     </span>
    </p>
   </div>
   <div class='ocr_carea' id='block_1_15' title="bbox 1940 1912 2580 1976">
    <p class='ocr_par' dir='ltr' id='par_1_16' title="bbox 1940 1912 2580 1976">
     <span class='ocr_line' id='line_1_22' title="bbox 1940 1912 2580 1976; baseline 0.003 -2"><span class='ocrx_word' id='word_1_120' title='bbox 1940 1913 2072 1974; x_wconf 93' lang='lat' dir='ltr'>Nec</span> <span class='ocrx_word' id='word_1_121' title='bbox 2130 1913 2348 1975; x_wconf 88' lang='lat' dir='ltr'>hostes</span> <span class='ocrx_word' id='word_1_122' title='bbox 2385 1912 2580 1976; x_wconf 92' lang='lat' dir='ltr'>modo</span> 
     </span>
    </p>
   </div>
   <div class='ocr_carea' id='block_1_16' title="bbox 489 2012 2581 2193">
    <p class='ocr_par' dir='ltr' id='par_1_17' title="bbox 489 2012 2581 2193">
     <span class='ocr_line' id='line_1_23' title="bbox 489 2012 2581 2091; baseline 0.001 -16"><span class='ocrx_word' id='word_1_123' title='bbox 489 2013 834 2090; x_wconf 91' lang='lat' dir='ltr'>timebant,</span> <span class='ocrx_word' id='word_1_124' title='bbox 903 2013 1015 2076; x_wconf 90' lang='lat' dir='ltr'>sed</span> <span class='ocrx_word' id='word_1_125' title='bbox 1082 2020 1369 2076; x_wconf 91' lang='lat' dir='ltr'>suosmet</span> <span class='ocrx_word' id='word_1_126' title='bbox 1434 2012 1557 2091; x_wconf 91' lang='lat' dir='ltr'>ipsi</span> <span class='ocrx_word' id='word_1_127' title='bbox 1626 2012 1816 2088; x_wconf 91' lang='lat' dir='ltr'>cives,</span> <span class='ocrx_word' id='word_1_128' title='bbox 1884 2031 1965 2074; x_wconf 90' lang='lat' dir='ltr'>ne</span> <span class='ocrx_word' id='word_1_129' title='bbox 2032 2014 2334 2076; x_wconf 88' lang='lat' dir='ltr'>Romana</span> <span class='ocrx_word' id='word_1_130' title='bbox 2399 2012 2581 2091; x_wconf 89' lang='lat' dir='ltr'>plebs</span> 
     </span>
     <span class='ocr_line' id='line_1_24' title="bbox 491 2112 2581 2193; baseline 0 -19"><span class='ocrx_word' id='word_1_131' title='bbox 491 2121 669 2176; x_wconf 90' lang='lat' dir='ltr'>metu</span> <span class='ocrx_word' id='word_1_132' title='bbox 708 2113 1021 2193; x_wconf 90' lang='lat' dir='ltr'>perculsa,</span> <span class='ocrx_word' id='word_1_133' title='bbox 1062 2113 1334 2192; x_wconf 88' lang='lat' dir='ltr'>receptis</span> <span class='ocrx_word' id='word_1_134' title='bbox 1371 2113 1438 2174; x_wconf 92' lang='lat' dir='ltr'>in</span> <span class='ocrx_word' id='word_1_135' title='bbox 1472 2112 1702 2174; x_wconf 90' lang='lat' dir='ltr'>urbem</span> <span class='ocrx_word' id='word_1_136' title='bbox 1740 2112 2018 2191; x_wconf 87' lang='lat' dir='ltr'>regibus,</span> <span class='ocrx_word' id='word_1_137' title='bbox 2059 2113 2161 2174; x_wconf 90' lang='lat' dir='ltr'>vel</span> <span class='ocrx_word' id='word_1_138' title='bbox 2200 2133 2347 2174; x_wconf 92' lang='lat' dir='ltr'>cum</span> <span class='ocrx_word' id='word_1_139' title='bbox 2384 2113 2581 2176; x_wconf 90' lang='lat' dir='ltr'>servi-</span> 
     </span>
    </p>
   </div>
   <div class='ocr_carea' id='block_1_17' title="bbox 423 2214 1306 2293">
    <p class='ocr_par' dir='ltr' id='par_1_18' title="bbox 423 2214 1306 2293">
     <span class='ocr_line' id='line_1_25' title="bbox 423 2214 1306 2293; baseline 0.002 -21"><span class='ocrx_word' id='word_1_140' title='bbox 423 2231 453 2272; x_wconf 82' lang='lat'><strong>6</strong></span> <span class='ocrx_word' id='word_1_141' title='bbox 490 2220 635 2276; x_wconf 88' lang='lat' dir='ltr'>tute</span> <span class='ocrx_word' id='word_1_142' title='bbox 685 2233 914 2293; x_wconf 90' lang='lat' dir='ltr'>pacem</span> <span class='ocrx_word' id='word_1_143' title='bbox 968 2214 1306 2293; x_wconf 88' lang='lat' dir='ltr'>acciperet.</span> 
     </span>
    </p>
   </div>
   <div class='ocr_carea' id='block_1_18' title="bbox 424 2313 1578 2394">
    <p class='ocr_par' dir='ltr' id='par_1_19' title="bbox 424 2313 1578 2394">
     <span class='ocr_line' id='line_1_26' title="bbox 424 2313 1578 2394; baseline -0.002 -18"><span class='ocrx_word' id='word_1_144' title='bbox 424 2333 452 2376; x_wconf 84' lang='grc'><strong>7</strong></span> <span class='ocrx_word' id='word_1_145' title='bbox 487 2333 604 2393; x_wconf 92' lang='lat' dir='ltr'>per</span> <span class='ocrx_word' id='word_1_146' title='bbox 631 2313 697 2375; x_wconf 93' lang='lat' dir='ltr'>id</span> <span class='ocrx_word' id='word_1_147' title='bbox 730 2320 991 2394; x_wconf 90' lang='lat' dir='ltr'>tempus</span> <span class='ocrx_word' id='word_1_148' title='bbox 1023 2313 1106 2376; x_wconf 90' lang='lat' dir='ltr'>ab</span> <span class='ocrx_word' id='word_1_149' title='bbox 1136 2320 1367 2377; x_wconf 90' lang='lat' dir='ltr'>senatu</span> <span class='ocrx_word' id='word_1_150' title='bbox 1400 2313 1578 2376; x_wconf 90' lang='lat' dir='ltr'>data.</span> 
     </span>
    </p>
   </div>
   <div class='ocr_carea' id='block_1_19' title="bbox 1398 2211 2580 2293">
    <p class='ocr_par' dir='ltr' id='par_1_20' title="bbox 1398 2211 2580 2293">
     <span class='ocr_line' id='line_1_27' title="bbox 1398 2211 2580 2293; baseline 0.001 -19"><span class='ocrx_word' id='word_1_151' title='bbox 1398 2212 1607 2275; x_wconf 90' lang='lat' dir='ltr'>Multa</span> <span class='ocrx_word' id='word_1_152' title='bbox 1657 2212 1855 2292; x_wconf 85' lang='lat' dir='ltr'>igitur</span> <span class='ocrx_word' id='word_1_153' title='bbox 1906 2212 2356 2276; x_wconf 86' lang='lat' dir='ltr'>blandimenta</span> <span class='ocrx_word' id='word_1_154' title='bbox 2406 2211 2580 2293; x_wconf 90' lang='lat' dir='ltr'>plebi</span> 
     </span>
    </p>
   </div>
   <div class='ocr_carea' id='block_1_20' title="bbox 1670 2313 2579 2392">
    <p class='ocr_par' dir='ltr' id='par_1_21' title="bbox 1670 2313 2579 2392">
     <span class='ocr_line' id='line_1_28' title="bbox 1670 2313 2579 2392; baseline 0.001 -19"><span class='ocrx_word' id='word_1_155' title='bbox 1670 2314 1849 2375; x_wconf 93' lang='lat' dir='ltr'>Haec</span> <span class='ocrx_word' id='word_1_156' title='bbox 1880 2313 2284 2392; x_wconf 87' lang='lat' dir='ltr'>indulgentia</span> <span class='ocrx_word' id='word_1_157' title='bbox 2313 2320 2579 2392; x_wconf 89' lang='lat' dir='ltr'>patrum</span> 
     </span>
    </p>
   </div>
   <div class='ocr_carea' id='block_1_21' title="bbox 422 2412 2581 2893">
    <p class='ocr_par' dir='ltr' id='par_1_22' title="bbox 422 2412 2581 2893">
     <span class='ocr_line' id='line_1_29' title="bbox 490 2412 2579 2494; baseline 0 -18"><span class='ocrx_word' id='word_1_158' title='bbox 490 2415 731 2493; x_wconf 87' lang='lat' dir='ltr'>asperis</span> <span class='ocrx_word' id='word_1_159' title='bbox 790 2413 1212 2494; x_wconf 90' lang='lat' dir='ltr'>postmodum</span> <span class='ocrx_word' id='word_1_160' title='bbox 1274 2414 1464 2477; x_wconf 90' lang='lat' dir='ltr'>rebus</span> <span class='ocrx_word' id='word_1_161' title='bbox 1524 2413 1592 2475; x_wconf 95' lang='lat' dir='ltr'>in</span> <span class='ocrx_word' id='word_1_162' title='bbox 1651 2412 1986 2476; x_wconf 90' lang='lat' dir='ltr'>obsidione</span> <span class='ocrx_word' id='word_1_163' title='bbox 2048 2434 2120 2475; x_wconf 91' lang='lat' dir='ltr'>ac</span> <span class='ocrx_word' id='word_1_164' title='bbox 2182 2414 2354 2475; x_wconf 91' lang='lat' dir='ltr'>fame</span> <span class='ocrx_word' id='word_1_165' title='bbox 2416 2413 2579 2477; x_wconf 91' lang='lat' dir='ltr'>adeo</span> 
     </span>
     <span class='ocr_line' id='line_1_30' title="bbox 489 2514 2581 2593; baseline 0.001 -19"><span class='ocrx_word' id='word_1_166' title='bbox 489 2514 871 2577; x_wconf 91' lang='lat' dir='ltr'>concordem</span> <span class='ocrx_word' id='word_1_167' title='bbox 948 2514 1285 2577; x_wconf 90' lang='lat' dir='ltr'>civitatem</span> <span class='ocrx_word' id='word_1_168' title='bbox 1360 2514 1591 2590; x_wconf 92' lang='lat' dir='ltr'>tenuit,</span> <span class='ocrx_word' id='word_1_169' title='bbox 1667 2520 1744 2576; x_wconf 93' lang='lat' dir='ltr'>ut</span> <span class='ocrx_word' id='word_1_170' title='bbox 1817 2515 2062 2593; x_wconf 84' lang='lat' dir='ltr'>regium</span> <span class='ocrx_word' id='word_1_171' title='bbox 2138 2534 2374 2577; x_wconf 92' lang='lat' dir='ltr'>nomen</span> <span class='ocrx_word' id='word_1_172' title='bbox 2448 2535 2581 2576; x_wconf 93' lang='lat' dir='ltr'>non</span> 
     </span>
     <span class='ocr_line' id='line_1_31' title="bbox 422 2613 2578 2694; baseline -0.001 -17"><span class='ocrx_word' id='word_1_173' title='bbox 422 2634 452 2677; x_wconf 87' lang='lat'>8</span> <span class='ocrx_word' id='word_1_174' title='bbox 487 2615 724 2677; x_wconf 93' lang='lat' dir='ltr'>summi</span> <span class='ocrx_word' id='word_1_175' title='bbox 795 2614 1000 2693; x_wconf 84' lang='lat' dir='ltr'>magis</span> <span class='ocrx_word' id='word_1_176' title='bbox 1070 2633 1269 2694; x_wconf 92' lang='lat' dir='ltr'>quam</span> <span class='ocrx_word' id='word_1_177' title='bbox 1341 2613 1546 2675; x_wconf 91' lang='lat' dir='ltr'>infimi</span> <span class='ocrx_word' id='word_1_178' title='bbox 1616 2614 1968 2690; x_wconf 91' lang='lat' dir='ltr'>horrerent,</span> <span class='ocrx_word' id='word_1_179' title='bbox 2044 2634 2158 2676; x_wconf 91' lang='lat' dir='ltr'>nec</span> <span class='ocrx_word' id='word_1_180' title='bbox 2231 2613 2578 2694; x_wconf 91' lang='lat' dir='ltr'>quisquam</span> 
     </span>
     <span class='ocr_line' id='line_1_32' title="bbox 484 2713 2576 2793; baseline 0 -19"><span class='ocrx_word' id='word_1_181' title='bbox 484 2733 655 2787; x_wconf 90' lang='lat' dir='ltr'>unus</span> <span class='ocrx_word' id='word_1_182' title='bbox 712 2714 897 2778; x_wconf 92' lang='lat' dir='ltr'>malis</span> <span class='ocrx_word' id='word_1_183' title='bbox 955 2713 1205 2777; x_wconf 91' lang='lat' dir='ltr'>artibus</span> <span class='ocrx_word' id='word_1_184' title='bbox 1261 2721 1489 2793; x_wconf 91' lang='lat' dir='ltr'>postea</span> <span class='ocrx_word' id='word_1_185' title='bbox 1546 2721 1684 2776; x_wconf 89' lang='lat' dir='ltr'>tam</span> <span class='ocrx_word' id='word_1_186' title='bbox 1741 2713 2071 2793; x_wconf 90' lang='lat' dir='ltr'>popularis</span> <span class='ocrx_word' id='word_1_187' title='bbox 2126 2721 2315 2790; x_wconf 90' lang='lat' dir='ltr'>esset,</span> <span class='ocrx_word' id='word_1_188' title='bbox 2376 2733 2576 2793; x_wconf 90' lang='lat' dir='ltr'>quam</span> 
     </span>
     <span class='ocr_line' id='line_1_33' title="bbox 487 2813 2073 2893; baseline -0.002 -16"><span class='ocrx_word' id='word_1_189' title='bbox 487 2821 630 2877; x_wconf 91' lang='lat' dir='ltr'>tum</span> <span class='ocrx_word' id='word_1_190' title='bbox 663 2814 826 2877; x_wconf 92' lang='lat' dir='ltr'>bene</span> <span class='ocrx_word' id='word_1_191' title='bbox 854 2813 1236 2893; x_wconf 91' lang='lat' dir='ltr'>imperando</span> <span class='ocrx_word' id='word_1_192' title='bbox 1265 2814 1604 2876; x_wconf 88' lang='lat' dir='ltr'>universus</span> <span class='ocrx_word' id='word_1_193' title='bbox 1633 2820 1898 2877; x_wconf 88' lang='lat' dir='ltr'>senatus</span> <span class='ocrx_word' id='word_1_194' title='bbox 1929 2813 2073 2876; x_wconf 80' lang='lat' dir='ltr'>suit.</span> 
     </span>
    </p>
   </div>
   <div class='ocr_carea' id='block_1_22' title="bbox 485 3030 1486 3624">
    <p class='ocr_par' dir='ltr' id='par_1_23' title="bbox 485 3030 1486 3152">
     <span class='ocr_line' id='line_1_34' title="bbox 547 3030 1486 3078; baseline -0.002 -3"><span class='ocrx_word' id='word_1_195' title='bbox 547 3031 615 3077; x_wconf 85' lang='grc' dir='ltr'>ΙΙ.</span> <span class='ocrx_word' id='word_1_196' title='bbox 652 3033 699 3075; x_wconf 85' lang='grc'>1.</span> <span class='ocrx_word' id='word_1_197' title='bbox 733 3033 942 3078; x_wconf 74' lang='lat' dir='ltr'>Rerum</span> <span class='ocrx_word' id='word_1_198' title='bbox 980 3062 994 3076; x_wconf 88' lang='lat'><strong>.</strong></span> <span class='ocrx_word' id='word_1_199' title='bbox 1037 3063 1051 3076; x_wconf 89' lang='lat'><strong>.</strong></span> <span class='ocrx_word' id='word_1_200' title='bbox 1094 3063 1107 3075; x_wconf 90' lang='lat'><strong>.</strong></span> <span class='ocrx_word' id='word_1_201' title='bbox 1137 3030 1486 3075; x_wconf 76' lang='lat' dir='ltr'>divinarum:</span> 
     </span>
     <span class='ocr_line' id='line_1_35' title="bbox 485 3103 990 3152; baseline -0.002 -9"><span class='ocrx_word' id='word_1_202' title='bbox 485 3112 563 3143; x_wconf 89' lang='lat' dir='ltr'>see</span> <span class='ocrx_word' id='word_1_203' title='bbox 590 3112 654 3142; x_wconf 91' lang='lat' dir='ltr'>on</span> <span class='ocrx_word' id='word_1_204' title='bbox 685 3103 834 3152; x_wconf 83' lang='lat' dir='ltr'>liberi,</span> <span class='ocrx_word' id='word_1_205' title='bbox 875 3103 915 3144; x_wconf 90' lang='lat'>1.</span> <span class='ocrx_word' id='word_1_206' title='bbox 951 3103 990 3142; x_wconf 90' lang='lat' dir='ltr'>l.</span> 
     </span>
    </p>

    <p class='ocr_par' dir='ltr' id='par_1_24' title="bbox 485 3167 1484 3624">
     <span class='ocr_line' id='line_1_36' title="bbox 547 3167 1484 3219; baseline -0.002 -9"><span class='ocrx_word' id='word_1_207' title='bbox 547 3170 596 3211; x_wconf 79' lang='lat'>2.</span> <span class='ocrx_word' id='word_1_208' title='bbox 631 3170 908 3219; x_wconf 79' lang='lat' dir='ltr'>pontiflci:</span> <span class='ocrx_word' id='word_1_209' title='bbox 932 3179 997 3211; x_wconf 93' lang='lat' dir='ltr'>sc.</span> <span class='ocrx_word' id='word_1_210' title='bbox 1021 3168 1245 3211; x_wconf 78' lang='lat' dir='ltr'>maximo.</span> <span class='ocrx_word' id='word_1_211' title='bbox 1301 3167 1484 3217; x_wconf 76' lang='lat' dir='ltr'>prima</span> 
     </span>
     <span class='ocr_line' id='line_1_37' title="bbox 486 3235 1480 3287; baseline -0.003 -8"><span class='ocrx_word' id='word_1_212' title='bbox 486 3245 642 3280; x_wconf 68' lang='lat' dir='ltr'>cura:</span> <span class='ocrx_word' id='word_1_213' title='bbox 669 3247 722 3278; x_wconf 92' lang='lat' dir='ltr'>so</span> <span class='ocrx_word' id='word_1_214' title='bbox 748 3236 1045 3287; x_wconf 86' lang='lat' dir='ltr'>excessively</span> <span class='ocrx_word' id='word_1_215' title='bbox 1072 3236 1154 3278; x_wconf 89' lang='lat' dir='ltr'>did</span> <span class='ocrx_word' id='word_1_216' title='bbox 1183 3237 1302 3287; x_wconf 83' lang='lat' dir='ltr'>they</span> <span class='ocrx_word' id='word_1_217' title='bbox 1328 3235 1480 3285; x_wconf 85' lang='lat' dir='ltr'>guard</span> 
     </span>
     <span class='ocr_line' id='line_1_38' title="bbox 489 3302 1482 3355; baseline -0.002 -9"><span class='ocrx_word' id='word_1_218' title='bbox 489 3305 614 3347; x_wconf 87' lang='lat' dir='ltr'>their</span> <span class='ocrx_word' id='word_1_219' title='bbox 653 3315 759 3346; x_wconf 87' lang='lat' dir='ltr'>new</span> <span class='ocrx_word' id='word_1_220' title='bbox 798 3304 992 3355; x_wconf 79' lang='lat' dir='ltr'>liberty,</span> <span class='ocrx_word' id='word_1_221' title='bbox 1037 3304 1147 3347; x_wconf 85' lang='lat' dir='ltr'>that</span> <span class='ocrx_word' id='word_1_222' title='bbox 1189 3305 1275 3346; x_wconf 87' lang='lat' dir='ltr'>the</span> <span class='ocrx_word' id='word_1_223' title='bbox 1314 3302 1482 3345; x_wconf 90' lang='lat' dir='ltr'>consul</span> 
     </span>
     <span class='ocr_line' id='line_1_39' title="bbox 487 3370 1481 3421; baseline -0.001 -8"><span class='ocrx_word' id='word_1_224' title='bbox 487 3373 540 3415; x_wconf 88' lang='lat' dir='ltr'>L.</span> <span class='ocrx_word' id='word_1_225' title='bbox 567 3372 859 3421; x_wconf 83' lang='lat' dir='ltr'>Tarquinius</span> <span class='ocrx_word' id='word_1_226' title='bbox 882 3372 1164 3420; x_wconf 84' lang='lat' dir='ltr'>Collatinus,</span> <span class='ocrx_word' id='word_1_227' title='bbox 1191 3370 1429 3420; x_wconf 82' lang='lat' dir='ltr'>although</span> <span class='ocrx_word' id='word_1_228' title='bbox 1452 3381 1481 3412; x_wconf 89' lang='lat' dir='ltr'>a</span> 
     </span>
     <span class='ocr_line' id='line_1_40' title="bbox 487 3438 1481 3490; baseline -0.002 -9"><span class='ocrx_word' id='word_1_229' title='bbox 487 3440 730 3489; x_wconf 86' lang='lat' dir='ltr'>liberator,</span> <span class='ocrx_word' id='word_1_230' title='bbox 778 3450 879 3482; x_wconf 91' lang='lat' dir='ltr'>was</span> <span class='ocrx_word' id='word_1_231' title='bbox 924 3440 1171 3490; x_wconf 84' lang='lat' dir='ltr'>presently</span> <span class='ocrx_word' id='word_1_232' title='bbox 1218 3438 1379 3481; x_wconf 79' lang='lat' dir='ltr'>forced</span> <span class='ocrx_word' id='word_1_233' title='bbox 1427 3442 1481 3480; x_wconf 86' lang='lat' dir='ltr'>to</span> 
     </span>
     <span class='ocr_line' id='line_1_41' title="bbox 485 3506 1477 3550; baseline -0.001 -1"><span class='ocrx_word' id='word_1_234' title='bbox 485 3507 712 3550; x_wconf 85' lang='lat' dir='ltr'>abdicate</span> <span class='ocrx_word' id='word_1_235' title='bbox 752 3518 816 3549; x_wconf 92' lang='lat' dir='ltr'>on</span> <span class='ocrx_word' id='word_1_236' title='bbox 858 3510 1066 3549; x_wconf 88' lang='lat' dir='ltr'>account</span> <span class='ocrx_word' id='word_1_237' title='bbox 1110 3507 1162 3548; x_wconf 88' lang='lat' dir='ltr'>of</span> <span class='ocrx_word' id='word_1_238' title='bbox 1202 3506 1277 3548; x_wconf 90' lang='lat' dir='ltr'>his</span> <span class='ocrx_word' id='word_1_239' title='bbox 1318 3516 1477 3548; x_wconf 89' lang='lat' dir='ltr'>name.</span> 
     </span>
     <span class='ocr_line' id='line_1_42' title="bbox 487 3574 1477 3624; baseline 0 -8"><span class='ocrx_word' id='word_1_240' title='bbox 487 3575 670 3617; x_wconf 86' lang='lat' dir='ltr'>Brutus</span> <span class='ocrx_word' id='word_1_241' title='bbox 709 3574 903 3616; x_wconf 78' lang='lat' dir='ltr'>himself</span> <span class='ocrx_word' id='word_1_242' title='bbox 942 3585 1042 3616; x_wconf 85' lang='lat' dir='ltr'>was</span> <span class='ocrx_word' id='word_1_243' title='bbox 1080 3574 1206 3616; x_wconf 87' lang='lat' dir='ltr'>later</span> <span class='ocrx_word' id='word_1_244' title='bbox 1245 3574 1477 3624; x_wconf 84' lang='lat' dir='ltr'>regarded</span> 
     </span>
    </p>
   </div>
   <div class='ocr_carea' id='block_1_23' title="bbox 488 3642 1167 3693">
    <p class='ocr_par' dir='ltr' id='par_1_25' title="bbox 488 3642 1167 3693">
     <span class='ocr_line' id='line_1_43' title="bbox 488 3642 1167 3693; baseline 0 -7"><span class='ocrx_word' id='word_1_245' title='bbox 488 3642 603 3686; x_wconf 86' lang='lat' dir='ltr'>with</span> <span class='ocrx_word' id='word_1_246' title='bbox 636 3643 881 3693; x_wconf 88' lang='lat' dir='ltr'>suspicion</span> <span class='ocrx_word' id='word_1_247' title='bbox 919 3643 983 3692; x_wconf 90' lang='lat'>(2.</span> <span class='ocrx_word' id='word_1_248' title='bbox 1018 3643 1062 3686; x_wconf 85' lang='lat'>7.</span> <span class='ocrx_word' id='word_1_249' title='bbox 1096 3642 1167 3693; x_wconf 88' lang='grc'>9).</span> 
     </span>
    </p>
   </div>
   <div class='ocr_carea' id='block_1_24' title="bbox 486 3723 1481 3974">
    <p class='ocr_par' dir='ltr' id='par_1_26' title="bbox 486 3723 1481 3974">
     <span class='ocr_line' id='line_1_44' title="bbox 486 3723 1481 3777; baseline -0.001 -8"><span class='ocrx_word' id='word_1_250' title='bbox 486 3726 578 3769; x_wconf 88' lang='grc' dir='ltr'>ῙΧ.</span> <span class='ocrx_word' id='word_1_251' title='bbox 620 3727 659 3767; x_wconf 92' lang='lat'>1.</span> <span class='ocrx_word' id='word_1_252' title='bbox 697 3726 738 3767; x_wconf 86' lang='lat'>2.</span> <span class='ocrx_word' id='word_1_253' title='bbox 777 3726 871 3768; x_wconf 85' lang='lat'><strong>4-8.</strong></span> <span class='ocrx_word' id='word_1_254' title='bbox 908 3724 972 3768; x_wconf 91' lang='lat' dir='ltr'>X.</span> <span class='ocrx_word' id='word_1_255' title='bbox 1048 3723 1481 3777; x_wconf 77' lang='lat' dir='ltr'><em>TARQUIN’S</em></span> 
     </span>
     <span class='ocr_line' id='line_1_45' title="bbox 547 3793 1480 3838; baseline -0.001 -1"><span class='ocrx_word' id='word_1_256' title='bbox 547 3793 850 3838; x_wconf 79' lang='lat' dir='ltr'>EFFORTS</span> <span class='ocrx_word' id='word_1_257' title='bbox 905 3793 984 3837; x_wconf 83' lang='lat' dir='ltr'>To</span> <span class='ocrx_word' id='word_1_258' title='bbox 1034 3793 1291 3838; x_wconf 77' lang='lat' dir='ltr'><strong><em>REGAIN</em></strong></span> <span class='ocrx_word' id='word_1_259' title='bbox 1346 3794 1480 3837; x_wconf 80' lang='lat' dir='ltr'>THE</span> 
     </span>
     <span class='ocr_line' id='line_1_46' title="bbox 554 3863 1481 3908; baseline -0.002 -2"><span class='ocrx_word' id='word_1_260' title='bbox 554 3863 841 3908; x_wconf 79' lang='lat' dir='ltr'>THRONE&#39;.</span> <span class='ocrx_word' id='word_1_261' title='bbox 960 3863 1307 3907; x_wconf 83' lang='lat' dir='ltr'><em>HORATIUS</em></span> <span class='ocrx_word' id='word_1_262' title='bbox 1390 3864 1481 3905; x_wconf 81' lang='lat' dir='ltr'>AT</span> 
     </span>
     <span class='ocr_line' id='line_1_47' title="bbox 553 3931 986 3974; baseline 0.005 -2"><span class='ocrx_word' id='word_1_263' title='bbox 553 3931 688 3973; x_wconf 77' lang='lat' dir='ltr'>THE</span> <span class='ocrx_word' id='word_1_264' title='bbox 721 3931 986 3974; x_wconf 84' lang='lat' dir='ltr'>BRIDG&#39;E.</span> 
     </span>
    </p>
   </div>
   <div class='ocr_carea' id='block_1_25' title="bbox 1580 3031 2581 3896">
    <p class='ocr_par' dir='ltr' id='par_1_27' title="bbox 1582 3031 2581 3623">
     <span class='ocr_line' id='line_1_48' title="bbox 1649 3031 2577 3083; baseline 0.004 -9"><span class='ocrx_word' id='word_1_265' title='bbox 1649 3031 1740 3077; x_wconf 85' lang='lat' dir='ltr'>IX.</span> <span class='ocrx_word' id='word_1_266' title='bbox 1781 3033 1827 3074; x_wconf 90' lang='lat'>1.</span> <span class='ocrx_word' id='word_1_267' title='bbox 1862 3032 2173 3083; x_wconf 71' lang='lat' dir='ltr'>Tarquinii:</span> <span class='ocrx_word' id='word_1_268' title='bbox 2221 3032 2306 3074; x_wconf 89' lang='lat' dir='ltr'>the</span> <span class='ocrx_word' id='word_1_269' title='bbox 2338 3033 2577 3078; x_wconf 85' lang='lat' dir='ltr'>banished</span> 
     </span>
     <span class='ocr_line' id='line_1_49' title="bbox 1585 3099 2581 3153; baseline 0.004 -12"><span class='ocrx_word' id='word_1_270' title='bbox 1585 3099 1702 3150; x_wconf 85' lang='lat' dir='ltr'>king</span> <span class='ocrx_word' id='word_1_271' title='bbox 1735 3100 1879 3143; x_wconf 89' lang='lat' dir='ltr'>made</span> <span class='ocrx_word' id='word_1_272' title='bbox 1912 3102 2107 3144; x_wconf 85' lang='lat' dir='ltr'>various</span> <span class='ocrx_word' id='word_1_273' title='bbox 2140 3105 2381 3153; x_wconf 83' lang='lat' dir='ltr'>attempts</span> <span class='ocrx_word' id='word_1_274' title='bbox 2416 3106 2469 3144; x_wconf 87' lang='lat' dir='ltr'>to</span> <span class='ocrx_word' id='word_1_275' title='bbox 2505 3114 2581 3146; x_wconf 89' lang='lat' dir='ltr'>re-</span> 
     </span>
     <span class='ocr_line' id='line_1_50' title="bbox 1584 3169 2581 3221; baseline 0.002 -11"><span class='ocrx_word' id='word_1_276' title='bbox 1584 3169 1694 3218; x_wconf 82' lang='lat' dir='ltr'>gain</span> <span class='ocrx_word' id='word_1_277' title='bbox 1728 3169 1803 3211; x_wconf 88' lang='lat' dir='ltr'>his</span> <span class='ocrx_word' id='word_1_278' title='bbox 1841 3169 2030 3219; x_wconf 85' lang='lat' dir='ltr'>throne,</span> <span class='ocrx_word' id='word_1_279' title='bbox 2071 3171 2144 3212; x_wconf 82' lang='lat' dir='ltr'>his</span> <span class='ocrx_word' id='word_1_280' title='bbox 2182 3169 2358 3221; x_wconf 85' lang='lat' dir='ltr'>appeal</span> <span class='ocrx_word' id='word_1_281' title='bbox 2387 3174 2438 3212; x_wconf 87' lang='lat' dir='ltr'>to</span> <span class='ocrx_word' id='word_1_282' title='bbox 2463 3171 2581 3213; x_wconf 90' lang='lat' dir='ltr'>Por-</span> 
     </span>
     <span class='ocr_line' id='line_1_51' title="bbox 1583 3236 2579 3290; baseline 0.005 -12"><span class='ocrx_word' id='word_1_283' title='bbox 1583 3236 1724 3278; x_wconf 91' lang='lat' dir='ltr'>sinna</span> <span class='ocrx_word' id='word_1_284' title='bbox 1747 3237 1891 3287; x_wconf 88' lang='lat' dir='ltr'>being</span> <span class='ocrx_word' id='word_1_285' title='bbox 1911 3237 1986 3278; x_wconf 91' lang='lat' dir='ltr'>his</span> <span class='ocrx_word' id='word_1_286' title='bbox 2008 3238 2184 3280; x_wconf 89' lang='lat' dir='ltr'>second</span> <span class='ocrx_word' id='word_1_287' title='bbox 2201 3242 2433 3290; x_wconf 84' lang='lat' dir='ltr'>attempt.</span> <span class='ocrx_word' id='word_1_288' title='bbox 2487 3240 2579 3283; x_wconf 90' lang='lat' dir='ltr'>His</span> 
     </span>
     <span class='ocr_line' id='line_1_52' title="bbox 1585 3303 2579 3351; baseline 0.005 -6"><span class='ocrx_word' id='word_1_289' title='bbox 1585 3303 1714 3345; x_wconf 85' lang='lat' dir='ltr'>third</span> <span class='ocrx_word' id='word_1_290' title='bbox 1764 3303 1861 3346; x_wconf 89' lang='lat' dir='ltr'>and</span> <span class='ocrx_word' id='word_1_291' title='bbox 1910 3303 2005 3347; x_wconf 89' lang='lat' dir='ltr'>last</span> <span class='ocrx_word' id='word_1_292' title='bbox 2056 3305 2196 3347; x_wconf 85' lang='lat' dir='ltr'>effort</span> <span class='ocrx_word' id='word_1_293' title='bbox 2245 3316 2345 3348; x_wconf 86' lang='lat' dir='ltr'>was</span> <span class='ocrx_word' id='word_1_294' title='bbox 2392 3306 2444 3349; x_wconf 91' lang='lat' dir='ltr'>in</span> <span class='ocrx_word' id='word_1_295' title='bbox 2493 3308 2579 3351; x_wconf 89' lang='lat' dir='ltr'>the</span> 
     </span>
     <span class='ocr_line' id='line_1_53' title="bbox 1583 3372 2574 3426; baseline 0.006 -13"><span class='ocrx_word' id='word_1_296' title='bbox 1583 3372 1775 3414; x_wconf 79' lang='lat' dir='ltr'>famous</span> <span class='ocrx_word' id='word_1_297' title='bbox 1830 3372 1990 3415; x_wconf 84' lang='lat' dir='ltr'>battle</span> <span class='ocrx_word' id='word_1_298' title='bbox 2045 3373 2097 3414; x_wconf 83' lang='lat' dir='ltr'>of</span> <span class='ocrx_word' id='word_1_299' title='bbox 2155 3374 2285 3416; x_wconf 87' lang='lat' dir='ltr'>Lake</span> <span class='ocrx_word' id='word_1_300' title='bbox 2342 3374 2574 3426; x_wconf 81' lang='lat' dir='ltr'>Regillus,</span> 
     </span>
     <span class='ocr_line' id='line_1_54' title="bbox 1584 3442 2575 3487; baseline 0.005 -5"><span class='ocrx_word' id='word_1_301' title='bbox 1584 3442 1673 3483; x_wconf 85' lang='lat'>496</span> <span class='ocrx_word' id='word_1_302' title='bbox 1716 3452 1763 3483; x_wconf 86' lang='lat' dir='ltr'>B.</span> <span class='ocrx_word' id='word_1_303' title='bbox 1789 3452 1833 3483; x_wconf 87' lang='lat' dir='ltr'>e.</span> <span class='ocrx_word' id='word_1_304' title='bbox 1911 3442 2156 3485; x_wconf 77' lang='lat' dir='ltr'>Lartem:</span> <span class='ocrx_word' id='word_1_305' title='bbox 2199 3454 2229 3485; x_wconf 97' lang='lat' dir='ltr'>a</span> <span class='ocrx_word' id='word_1_306' title='bbox 2273 3443 2575 3487; x_wconf 89' lang='lat' dir='ltr'>Romanized</span> 
     </span>
     <span class='ocr_line' id='line_1_55' title="bbox 1583 3509 2578 3560; baseline 0.003 -8"><span class='ocrx_word' id='word_1_307' title='bbox 1583 3512 1707 3552; x_wconf 88' lang='lat' dir='ltr'>form</span> <span class='ocrx_word' id='word_1_308' title='bbox 1738 3510 1790 3551; x_wconf 83' lang='lat' dir='ltr'>of</span> <span class='ocrx_word' id='word_1_309' title='bbox 1820 3509 1905 3552; x_wconf 89' lang='lat' dir='ltr'>the</span> <span class='ocrx_word' id='word_1_310' title='bbox 1936 3509 2179 3552; x_wconf 85' lang='lat' dir='ltr'>Etruscan</span> <span class='ocrx_word' id='word_1_311' title='bbox 2210 3510 2342 3560; x_wconf 84' lang='lat' dir='ltr'>larth,</span> <span class='ocrx_word' id='word_1_312' title='bbox 2378 3511 2578 3555; x_wconf 84' lang='lat' dir='ltr'>·‘10rd.”</span> 
     </span>
     <span class='ocr_line' id='line_1_56' title="bbox 1582 3577 2365 3623; baseline -0.001 -1"><span class='ocrx_word' id='word_1_313' title='bbox 1582 3577 1897 3623; x_wconf 74' lang='lat' dir='ltr'>clusinum:</span> <span class='ocrx_word' id='word_1_314' title='bbox 1930 3588 2009 3621; x_wconf 86' lang='lat' dir='ltr'>see</span> <span class='ocrx_word' id='word_1_315' title='bbox 2038 3589 2102 3619; x_wconf 91' lang='lat' dir='ltr'>on</span> <span class='ocrx_word' id='word_1_316' title='bbox 2134 3581 2178 3622; x_wconf 89' lang='lat'>5.</span> <span class='ocrx_word' id='word_1_317' title='bbox 2211 3580 2287 3622; x_wconf 89' lang='lat'>33.</span> <span class='ocrx_word' id='word_1_318' title='bbox 2325 3582 2365 3621; x_wconf 92' lang='lat'>1.</span> 
     </span>
    </p>

    <p class='ocr_par' dir='ltr' id='par_1_28' title="bbox 1580 3644 2576 3755">
     <span class='ocr_line' id='line_1_57' title="bbox 1640 3644 2576 3697; baseline 0.003 -10"><span class='ocrx_word' id='word_1_319' title='bbox 1640 3646 1690 3687; x_wconf 78' lang='lat'>4.</span> <span class='ocrx_word' id='word_1_320' title='bbox 1724 3644 1985 3695; x_wconf 81' lang='lat' dir='ltr'>amplum</span> <span class='ocrx_word' id='word_1_321' title='bbox 2030 3647 2243 3690; x_wconf 74' lang='lat' dir='ltr'>Tuscis:</span> <span class='ocrx_word' id='word_1_322' title='bbox 2308 3646 2377 3689; x_wconf 87' lang='lat' dir='ltr'>“a</span> <span class='ocrx_word' id='word_1_323' title='bbox 2439 3649 2576 3697; x_wconf 86' lang='lat' dir='ltr'>great</span> 
     </span>
     <span class='ocr_line' id='line_1_58' title="bbox 1580 3712 2296 3755; baseline 0 0"><span class='ocrx_word' id='word_1_324' title='bbox 1580 3713 1734 3755; x_wconf 85' lang='lat' dir='ltr'>honor</span> <span class='ocrx_word' id='word_1_325' title='bbox 1765 3712 1839 3753; x_wconf 81' lang='lat' dir='ltr'>for</span> <span class='ocrx_word' id='word_1_326' title='bbox 1870 3712 1955 3754; x_wconf 88' lang='lat' dir='ltr'>the</span> <span class='ocrx_word' id='word_1_327' title='bbox 1987 3712 2296 3755; x_wconf 82' lang='lat' dir='ltr'>EtrurianS.&#39;&#39;</span> 
     </span>
    </p>

    <p class='ocr_par' dir='ltr' id='par_1_29' title="bbox 1581 3778 2579 3896">
     <span class='ocr_line' id='line_1_59' title="bbox 1642 3778 2579 3833; baseline 0.004 -12"><span class='ocrx_word' id='word_1_328' title='bbox 1642 3781 1689 3821; x_wconf 75' lang='lat'>6.</span> <span class='ocrx_word' id='word_1_329' title='bbox 1724 3778 2139 3824; x_wconf 79' lang='lat' dir='ltr'>blandimenta:</span> <span class='ocrx_word' id='word_1_330' title='bbox 2177 3781 2393 3831; x_wconf 82' lang='lat' dir='ltr'>“special</span> <span class='ocrx_word' id='word_1_331' title='bbox 2429 3782 2579 3833; x_wconf 85' lang='lat' dir='ltr'>privi-</span> 
     </span>
     <span class='ocr_line' id='line_1_60' title="bbox 1581 3847 1757 3896; baseline -0.006 -7"><span class='ocrx_word' id='word_1_332' title='bbox 1581 3847 1757 3896; x_wconf 86' lang='lat' dir='ltr'>leges.&#39;&#39;</span> 
     </span>
    </p>
   </div>
  </div>
 </body>
</html>
