2975 4367
441 304 513 359 94
1350 299 1419 356 Τ.
1456 299 1618 356 LIVI
2256 302 2472 369 [xxxvi.
2509 306 2544 360 5

374 494 405 538 6
437 484 919 566 expedirentur.
1013 482 1183 547 Nam
1221 491 1681 565 praeterquam
1737 482 1911 564 quod
1967 485 2034 547 in
2088 485 2328 567 populo
2382 486 2540 550 nihil

438 594 579 650 erat
623 584 932 665 praesidii
972 584 1236 646 sublata
1278 585 1763 663 provocatione,
1810 584 2335 650 intercessionem
2379 607 2541 667 quo-

439 706 566 766 que
612 703 927 747 consensu
971 682 1394 759 sustulerant,
1443 703 1593 746 cum
1639 683 1881 763 priores
1926 683 2276 748 decemviri
2322 686 2542 766 appel-

441 785 682 847 latione
734 783 1013 861 collegae
1064 782 1290 860 corrigi
1340 781 1599 844 reddita
1649 781 1733 844 ab
1781 802 1850 845 se
1899 782 2043 846 iura
2091 783 2414 861 tulissent,
2465 792 2538 850 et

440 883 785 965 quaedam,
838 902 1007 964 quae
1058 882 1159 945 sui
1210 880 1431 944 indicii
1484 881 1690 943 videri
1742 887 2029 961 possent,
2087 883 2170 945 ad
2223 884 2540 964 populum

439 984 825 1046 reiecissent.

374 1095 403 1138 ⁷
564 1082 986 1163 Aliquamdiu
1040 1090 1360 1163 aequatus
1412 1083 1584 1145 inter
1635 1103 1860 1145 omnes
1913 1090 2122 1146 terror
2174 1084 2327 1161 fuit;
2380 1106 2541 1165 pau-

437 1184 623 1248 latim
681 1191 863 1247 totus
920 1190 1170 1246 vertere
1225 1184 1293 1244 in
1349 1183 1605 1272 plebem
1663 1183 1896 1262 coepit.
1989 1184 2464 1247 Abstinebatur
2502 1207 2542 1249 a

436 1284 735 1364 patribus
744 1304 761 1360 3
834 1282 904 1346 in
977 1283 1349 1346 humiliores
1424 1282 1763 1345 libidinose
1839 1282 2314 1370 crudeliterque
2389 1306 2541 1347 con-

436 1384 790 1448 sulebatur.
875 1383 1257 1458 Hominum,
1287 1403 1420 1444 non
1459 1402 1803 1445 causarum
1843 1382 1971 1445 toti
2007 1388 2217 1459 erant,
2245 1390 2320 1447 ut
2359 1384 2536 1464 apud

371 1495 402 1539 8
435 1505 599 1565 quos
633 1484 844 1562 gratia
872 1483 1007 1545 vim
1041 1482 1231 1562 aequi
1263 1483 1553 1544 haberet.
1645 1481 1897 1545 Iudicia
1928 1482 2107 1545 domi
2140 1484 2535 1560 conflabant,

437 1583 955 1664 pronuntiabant
1005 1582 1072 1644 in
1122 1581 1280 1644 foro,
1372 1583 1437 1645 Si
1473 1582 1620 1662 quis
1655 1582 1965 1661 collegam
2004 1582 2414 1662 appellasset,
2455 1585 2538 1647 ab

435 1704 532 1761 e0,
582 1684 664 1747 ad
710 1703 906 1762 quem
952 1690 1241 1756 venerat,
1288 1682 1385 1744 ita
1428 1680 1825 1757 discedebat,
1873 1688 1949 1745 ut
1995 1682 2359 1762 paeniteret
2404 1705 2537 1748 non

371 1802 403 1846 9
436 1784 666 1864 prioris
696 1783 957 1845 decreto
980 1783 1255 1845 stetisse.
1334 1782 1570 1861 Opinio
1593 1782 1796 1844 etiam
1825 1783 1964 1845 sine
1996 1790 2260 1847 auctore
2290 1785 2537 1848 exierat

437 1905 569 1967 non
636 1884 704 1945 in
771 1883 1129 1962 praesentis
1197 1881 1392 1944 modo
1460 1882 1774 1960 temporis
1840 1902 1951 1945 eos
2016 1882 2321 1946 iniuriam
2390 1905 2539 1947 con-

437 1985 733 2064 spirasse,
767 1982 879 2045 sed
913 1982 1142 2045 foedus
1175 1982 1653 2045 clandestinum
1686 1982 1857 2044 inter
1887 1982 2063 2062 ipsos
2093 1983 2231 2046 iure
2262 1984 2538 2047 iurando

437 2085 662 2160 ictum,
724 2103 805 2145 ne
864 2083 1130 2145 comitia
1187 2080 1522 2157 haberent,
1586 2089 2033 2162 perpetuoque
2090 2082 2538 2147 decemviratu
2608 2084 2613 2089 ’

436 2204 804 2266 possessum
844 2183 1041 2247 semel
1080 2183 1450 2244 obtinerent
1492 2182 1856 2261 imperium.

375 2305 399 2348 1
562 2284 921 2347 XXXVII.
970 2283 1524 2360 Circumspectare
1595 2288 1739 2344 tum
1825 2283 2249 2362 patriciorum
2314 2283 2539 2349 vultus

437 2383 666 2464 plebei,
697 2389 765 2446 et
808 2382 959 2445 inde
995 2381 1316 2445 libertatis
1352 2388 1619 2462 captare
1658 2403 1904 2458 auram,
1931 2382 2105 2445 unde
2149 2382 2536 2447 servitutem

437 2484 730 2547 timendo
807 2483 876 2545 in
959 2502 1110 2545 eum
1175 2488 1426 2545 statum
1498 2502 1634 2544 rem
1704 2481 2033 2561 publicam
2101 2482 2534 2548 adduxerant.

373 2607 404 2648 2
438 2584 758 2647 Primores
802 2589 1067 2663 patrum
1114 2582 1325 2644 odisse
1360 2581 1780 2657 decemviros,
1820 2582 2030 2645 odisse
2082 2580 2367 2664 plebem3
2420 2605 2535 2648 nec

438 2685 732 2764 probare,
771 2703 940 2763 quae
975 2683 1223 2758 fierent,
1253 2688 1321 2744 et
1358 2682 1615 2745 credere
1666 2681 1842 2744 haud
1894 2681 2175 2763 indignis
2222 2685 2510 2748 accidere
2520 2705 2537 2762 ;

440 2784 630 2847 avide
674 2783 921 2846 ruendo
960 2783 1042 2846 ad
1086 2781 1458 2845 libertatem
1496 2781 1563 2843 in
1597 2782 1986 2845 servitutem
2020 2784 2276 2864 elapsos
2312 2785 2537 2849 iuvare

373 2908 404 2950 3
438 2884 606 2947 nolle
617 2904 632 2960 ;
679 2883 1009 2947 cumulare
1060 2903 1321 2963 quoque
1371 2881 1657 2957 iniurias,
1698 2889 1774 2945 ut
1826 2883 2044 2946 taedio
2095 2885 2536 2964 praesentium

439 2984 731 3047 consules
780 2983 911 3046 duo
962 2982 1232 3045 tandem
1282 2988 1350 3044 et
1399 2987 1616 3044 status
1660 2982 1974 3062 pristinus
2010 3004 2225 3047 rerum
2269 2985 2337 3046 in
2373 2985 2537 3048 desi-

437 3084 688 3147 derium
729 3084 1015 3146 veniant.

501 3236 549 3277 ⁶.
583 3243 717 3279 cum
745 3264 757 3277 .
786 3264 800 3277 .
829 3264 841 3277 .
865 3232 1155 3278 tulissent:
1181 3232 1437 3276 “whereas
1539 3231 1788 3276 decemvir
1813 3237 1867 3276 to
1894 3234 2102 3277 another
2123 3236 2218 3283 (34.
2236 3235 2306 3287 8),
2330 3235 2421 3279 but
2448 3240 2537 3280 not

438 3302 523 3345 the
562 3304 743 3344 former
783 3302 1053 3344 decemvirs
1092 3300 1191 3343 had
1233 3300 1435 3343 allowed
1539 3305 1593 3344 to
1631 3301 1718 3344 the
1756 3302 1931 3353 people
1974 3303 2069 3351 (36.
2109 3302 2179 3353 4).
2250 3310 2368 3345 non
2409 3332 2423 3347 .
2467 3333 2481 3346 .
2525 3333 2540 3346 .

440 3370 566 3412 their
617 3369 800 3419 rulings
851 3371 905 3411 to
955 3367 1018 3411 be
1069 3367 1317 3410 corrected
1369 3367 1438 3419 by
1538 3368 1783 3411 stetisse:
1821 3368 1972 3411 '‘that
2008 3368 2070 3411 he
2102 3368 2202 3411 had
2235 3373 2323 3412 not
2359 3370 2536 3414 abided

438 3436 613 3488 appeal
636 3440 689 3478 to
711 3446 741 3477 a
763 3435 1060 3486 colleague.”
1539 3434 1607 3485 by
1637 3434 1723 3477 the
1753 3434 1967 3478 decision
1997 3436 2050 3477 of
2080 3435 2166 3479 the
2195 3436 2300 3480 first
2331 3438 2476 3480 one.”

500 3505 549 3546 7.
583 3502 900 3545 libidinose:
1063 3502 1438 3553 “arbitrarily.”
1602 3501 1873 3545 XXXVII.
1922 3503 1970 3545 1.
2016 3502 2221 3553 plebelz
2260 3521 2304 3537 ==
2349 3505 2542 3555 plebeii.-

437 3571 777 3615 Eomlnum:
830 3580 959 3621 poss.
1002 3581 1109 3620 gen.
1161 3570 1282 3612 with
1334 3570 1440 3619 toti,-
1540 3570 1732 3620 subject
1764 3571 1816 3612 of
1846 3570 1932 3613 the
1961 3570 2075 3613 hist.
2107 3571 2196 3614 inf.

440 3638 559 3688 they
580 3648 705 3679 were
726 3635 908 3687 wholly
932 3636 1238 3688 “respecters
1259 3637 1311 3679 of
1332 3648 1439 3689 per·
1602 3639 1651 3679 2.
1686 3637 1840 3681 haud
1880 3638 2154 3689 indignis:
2194 3638 2273 3683 i.e.
2314 3639 2402 3683 the
2440 3640 2540 3692 ple·

437 3703 603 3746 sons.”
694 3704 902 3754 mut:
962 3703 1238 3755 “powerful
1296 3704 1440 3746 influ-
1540 3703 1680 3746 bians
1718 3703 1951 3747 desei-ved
1990 3704 2028 3746 it
2068 3703 2151 3749 all.
2220 3704 2460 3757 alamon
2488 3725 2532 3740 ==

437 3770 606 3812 ence.''
1540 3782 1628 3820 eos,
1660 3771 1744 3822 qui
1772 3772 1925 3822 elapsi
1952 3772 2099 3816 eram.

501 3837 551 3880 8.
585 3836 942 3888 appellasset:
974 3838 1219 3882 iterative.
1284 3838 1440 3881 There
1602 3839 1651 3881 8.
1684 3839 1747 3881 ln
1847 3839 2186 3883 desiderium
2280 3841 2537 3885 veniant:

437 3914 537 3949 was
577 3904 663 3949 the
701 3904 831 3957 right
872 3904 924 3948 ot
963 3904 1139 3961 appeal
1179 3906 1306 3951 from
1347 3915 1441 3951 one
1544 3906 1721 3951 “come
1750 3909 1804 3952 to
1833 3906 1894 3953 be
1923 3906 2164 3954 desired.”
