2975 4367
371 308 473 362 148
1264 305 1328 359 T.
1365 304 1526 358 LIVI
2272 306 2388 371 [vii.
2426 311 2460 362 8

301 500 334 545 9
365 489 561 571 positi
572 510 588 566 ;
648 509 853 570 paene
914 488 1222 551 maestior
1279 487 1569 550 exercitu
1629 487 1770 566 ipso
1831 487 2064 551 civitas
2123 509 2279 565 esse,
2342 510 2458 553 nec

367 590 640 653 ducibus
700 589 911 652 solum
973 595 1173 668 atque
1236 587 1612 650 auctoribus
1648 583 2221 668 'sponsoribusque
2282 590 2459 669 pacis

366 690 572 766 irasci,
619 689 731 753 sed
778 688 1076 751 innoxios
1120 689 1321 751 etiam
1370 686 1607 749 milites
1652 687 1863 750 odisse
1908 693 1975 750 et
2022 709 2255 767 negare
2300 690 2459 752 urbe

273 802 330 844 10
363 791 639 854 tectisve
716 789 1139 869 accipiendos.
1231 787 1443 863 Quam
1523 787 2027 850 concitationem
2094 789 2458 851 animorum

365 891 555 970 fregit
607 890 930 953 adventus
979 888 1301 952 exercitus
1335 888 1538 950 etiam
1588 886 1770 950 iratis
1821 888 2219 951 miserabilis.
2312 889 2459 952 Non

364 991 536 1054 enim
605 995 950 1071 tamquam
1019 989 1087 1050 in
1155 988 1438 1069 patriam
1509 994 1908 1050 revertentes
1977 1009 2061 1051 ex
2129 989 2458 1069 insperato

365 1091 739 1167 incolumes,
791 1089 903 1152 sed
957 1094 1299 1169 captorum
1349 1088 1581 1150 habitu
1633 1088 1953 1168 vultuque
2003 1088 2269 1168 ingressi
2317 1111 2458 1153 sero

270 1200 324 1243 11
363 1190 431 1253 in
483 1191 711 1254 urbem
766 1190 861 1252 ita
912 1210 981 1252 se
1034 1189 1102 1251 in
1154 1189 1286 1251 suis
1340 1189 1614 1268 quisque
1667 1189 1858 1250 tectis
1913 1189 2326 1267 abdiderunt,
2385 1196 2458 1252 ut

363 1297 623 1371 postero
672 1297 872 1370 atque
917 1289 1409 1369 insequentibus
1456 1287 1685 1350 diebus
1733 1308 1925 1350 nemo
1971 1308 2197 1351 eorum
2244 1290 2457 1352 forum

269 1402 330 1444 12
364 1398 481 1453 aut
516 1390 851 1470 publicum
889 1389 1172 1469 aspicere
1201 1387 1413 1450 vellet.
1504 1387 1811 1451 Consules
1848 1389 1916 1450 in
1951 1389 2212 1469 privato
2250 1389 2459 1452 abditi

364 1490 524 1552 nihil
563 1511 680 1570 pro
721 1490 1109 1568 magistratu
1150 1508 1355 1567 agere,
1398 1488 1521 1550 nisi
1561 1487 1736 1568 quod
1775 1508 2153 1568 expressum
2192 1496 2459 1552 senatus

365 1589 661 1653 consulto
709 1595 828 1665 est,
879 1595 955 1651 ut
1003 1589 1391 1650 dictatorem
1441 1588 1729 1650 dicerent
1779 1589 2191 1651 comitiorum
2241 1611 2453 1652 causa.

253 1702 330 1744 '13
365 1691 440 1767 Q.
495 1689 772 1753 Fabium
824 1689 1222 1751 Ambustum
1272 1688 1579 1750 dixerunt
1628 1695 1696 1750 et
1747 1687 1817 1749 P.
1873 1689 2128 1750 Aelium
2179 1687 2459 1752 Paetum

269 1802 329 1844 14
365 1790 750 1869 magistrum
816 1789 1141 1869 equitum;
1210 1779 1446 1868 quibus
1517 1788 1677 1850 vitio
1747 1789 1978 1851 creatis
2044 1789 2302 1851 suffecti
2370 1791 2455 1852 M.

364 1890 674 1952 Aemilius
727 1890 945 1969 Papus
997 1888 1300 1964 dictator,
1357 1889 1426 1949 L.
1482 1888 1776 1951 Valerius
1829 1888 2098 1951 Flaccus
2151 1890 2461 1969 magister

362 1989 681 2070 equitum.
769 1988 901 2052 Nec
941 2009 1056 2069 per
1094 2008 1204 2051 eos
1243 1988 1511 2051 comitia
1550 1988 1797 2065 habita,
1835 1993 1923 2064 et,
1962 1989 2117 2069 quia
2147 1990 2458 2053 taedebat

362 2089 678 2169 populum
725 2089 1018 2152 omnium
1067 2088 1572 2166 magistratuum
1617 2088 1754 2150 eius
1793 2089 1965 2164 anni,
1996 2109 2094 2152 res
2132 2089 2214 2151 ad
2262 2089 2460 2152 inter-

268 2202 327 2244 15
362 2209 632 2268 regnum
683 2190 891 2252 rediit.
983 2188 1343 2266 Interreges
1388 2188 1462 2264 Q.
1506 2188 1746 2251 Fabius
1807 2189 2150 2265 Maximus,
2198 2189 2282 2250 M.
2331 2191 2460 2252 Va-

364 2289 555 2352 lerius
587 2290 852 2351 Corvus
944 2288 1010 2351 Is
1045 2287 1337 2350 consules
1372 2288 1617 2350 creavit
1642 2288 1717 2364 Q.
1745 2288 2095 2350 Publilium
2120 2288 2456 2351 Philonem

362 2394 429 2452 et
480 2391 549 2451 L.
605 2389 937 2469 Papirium
987 2389 1326 2450 Cursorem
1375 2388 1615 2449 iterum
1665 2387 1840 2450 haud
1891 2388 2091 2451 dubio
2142 2409 2457 2452 consensu

364 2489 670 2566 civitatis,
709 2489 884 2569 quod
921 2487 1080 2550 nulli
1113 2508 1192 2550 ea
1225 2493 1622 2567 tempestate
1656 2487 1853 2550 duces
1889 2488 2185 2551 clariores
2219 2497 2451 2552 essent.

301 2604 325 2645 1
487 2588 675 2652 VIII.
725 2589 868 2666 Quo
921 2587 1119 2651 creati
1168 2595 1324 2650 sunt
1374 2587 1498 2663 die,
1550 2607 1627 2650 eo
1654 2623 1736 2630 —
1759 2588 1849 2650 sic
1899 2588 2071 2650 enim
2122 2588 2457 2668 placuerat

362 2689 660 2769 patribus
686 2725 769 2732 —
792 2689 1250 2767 magistratum
1310 2687 1614 2762 inierunt,
1661 2687 2209 2768 sollemnibusque
2275 2709 2458 2755 sena-

363 2794 471 2852 tus
549 2788 859 2852 consultis
935 2788 1237 2868 perfectis
1314 2786 1395 2849 de
1457 2807 1618 2866 pace
1680 2787 1975 2850 Caudina
2036 2788 2429 2851 rettulerunt
2440 2810 2456 2865 3

298 2905 330 2946 2
362 2896 429 2952 et
481 2888 795 2951 Publilius
844 2908 1041 2969 penes
1116 2908 1309 2967 quem
1361 2886 1566 2950 fasces
1616 2894 1830 2949 erant:
1931 2881 2085 2964 ‘dic,
2140 2889 2247 2968 Sp.
2304 2889 2458 2951 Pos-

363 2988 584 3065 tumi,'
632 2988 863 3069 inquit.
962 2987 1087 3064 Qui
1137 2987 1251 3048 ubi
1300 2987 1600 3062 surrexit,
1638 2986 1868 3049 eodem
1917 2986 2026 3050 illo
2078 2987 2288 3063 vultu,
2327 3009 2456 3068 quo

298 3104 328 3146 3
362 3089 486 3151 sub
540 3089 765 3167 iugum
822 3089 1054 3150 missus
1109 3094 1276 3150 erat:
1390 3086 1596 3148 ‘haud
1678 3107 1824 3149 sum
1881 3087 2160 3166 ignarus'
2220 3088 2454 3168 inquit,

366 3188 708 3265 ‘consules,
771 3188 1181 3267 ignominiae,
1244 3208 1376 3249 non
1435 3187 1695 3249 honoris
1757 3208 1953 3250 causa
2011 3207 2114 3249 me
2173 3188 2456 3267 primum

363 3289 725 3351 excitatum
778 3288 1154 3368 iussumque
1205 3286 1434 3362 dicere,
1489 3308 1622 3348 non
1673 3292 2015 3367 tamquam
2067 3293 2454 3364 senatorem,

362 3388 474 3451 sed
518 3389 863 3469 tamquam
906 3408 1087 3450 reum
1133 3408 1266 3467 qua
1308 3386 1579 3450 infelicis
1623 3386 1773 3449 belli
1817 3408 1950 3466 qua
1992 3387 2456 3465 ignominiosae

426 3576 505 3619 u.
538 3575 703 3619 vitio:
721 3575 829 3623 “by
845 3574 1026 3617 error.’'
1074 3573 1361 3617 taedebat:
1458 3573 1535 3615 for
1571 3573 1657 3617 the
1692 3572 1900 3615 consuls.
1940 3573 2094 3622 fixing
2129 3575 2315 3616 certain
2351 3574 2459 3618 reli-

361 3643 669 3694 impersonal.
715 3642 835 3685 with
879 3652 986 3691 gen.
1030 3652 1142 3684 case
1183 3640 1234 3683 of
1277 3641 1362 3683 the
1458 3641 1597 3689 gious
1639 3639 1873 3688 festivals.
1919 3643 2012 3683 ete.
2087 3640 2458 3684 retttuerunt:

361 3711 526 3760 object
561 3710 612 3752 of
645 3709 1044 3752 dissatisfaction.
1457 3707 1721 3754 technical:
1783 3706 2113 3750 “introduced
2174 3707 2260 3751 the
2319 3718 2459 3757 ques-

425 3778 505 3821 15.
538 3776 748 3820 essent:
787 3776 872 3818 the
909 3775 1132 3823 assigned
1169 3786 1358 3819 reason.
1457 3774 1615 3817 tion.”

426 3844 567 3888 v111.
603 3844 651 3886 1.
708 3841 1077 3886 solemnibus:
1165 3842 1361 3885 routine
1520 3843 1569 3885 8.
1604 3841 1940 3885 excitatum:
1963 3852 2029 3884 sc.
2053 3852 2164 3884 esce.
2220 3849 2357 3893 qua:
2380 3852 2459 3887 sce

362 3914 583 3959 matters.
622 3911 742 3953 such
777 3921 832 3955 as
867 3909 1076 3956 division
1112 3910 1163 3953 ot
1198 3909 1361 3957 duties
1455 3920 1521 3956 on
1552 3911 1596 3953 3.
1628 3911 1673 3959 4.
