2975 4367
428 339 530 390 126

358 528 391 571 3
422 523 609 582 esset.

1344 333 1408 385 T.
1445 331 1603 384 LIVI

2253 333 2451 398 [xlviii.
2487 338 2521 386 2

701 514 994 591 Quorum
1034 512 1615 576 intolerantissima
1671 533 1826 592 gens
1883 514 2225 596 umorique
2285 537 2357 580 ac
2415 515 2526 578 fri-

426 616 560 699 gori
629 615 922 691 adsueta,
993 633 1143 676 cum
1210 618 1397 675 aestu
1463 620 1532 675 et
1600 633 1836 692 angore
1906 620 2168 691 vexata,
2240 615 2525 697 vulgatis

427 716 609 780 velut
668 716 737 779 in
797 735 1004 795 pecua
1065 712 1327 788 morbis,
1393 717 1819 789 morerentur,
1881 712 2014 776 iam
2075 715 2339 794 pigritia
2398 716 2527 778 sin-

427 815 608 896 gulos
652 812 1002 895 sepeliendi
1046 805 1419 893 promiscue
1458 817 1797 874 acervatos
1842 813 2137 876 cumulos
2183 814 2522 877 hominum

427 916 732 992 urebant;
796 906 1269 992 bustorumque
1332 909 1482 973 inde
1548 910 1941 973 Gallicorum
2006 914 2267 976 nomine
2331 915 2529 994 insig-

399 1028 400 1031 ’
428 1035 578 1079 nem
619 1015 833 1077 locum
873 1012 1097 1075 fecere.

558 1115 862 1177 Indutiae
934 1111 1166 1175 deinde
1222 1132 1371 1175 cum
1430 1112 1744 1175 Romanis
1816 1111 2029 1176 factae
2084 1121 2151 1176 et
2207 1113 2529 1194 colloquia

427 1216 743 1295 permissu
803 1214 1271 1292 imperatorum
1333 1211 1561 1274 habita
1572 1232 1588 1287 3
1649 1211 1718 1274 in
1779 1212 2018 1292 quibus
2080 1234 2230 1276 cum
2292 1213 2531 1277 identi-

428 1315 578 1377 dem
630 1313 797 1377 Galli
849 1313 1090 1374 famem
1140 1311 1469 1374 obicerent
1519 1331 1725 1390 eaque
1776 1313 2163 1376 necessitate
2214 1313 2297 1376 ad
2347 1313 2530 1377 dedi-

429 1415 674 1477 tionem
762 1418 1091 1487 vocarent,

1179 1410 1417 1473 dicitur
1503 1411 1897 1474 avertendae
1982 1413 2120 1476 eius
2205 1413 2529 1493 opinionis

429 1535 624 1576 causa
680 1513 903 1575 multis
959 1511 1112 1573 locis
1167 1510 1354 1590 panis
1410 1509 1492 1572 de
1547 1510 1868 1589 Capitolio
1924 1511 2210 1576 iactatus
2265 1534 2404 1576 esse
2460 1514 2529 1576 in

363 1628 394 1670 5
429 1615 716 1676 hostium
772 1612 1106 1674 stationes.

428 1713 577 1775 ferri
614 1713 787 1775 ultra
822 1712 1028 1774 fames
1063 1716 1343 1789 poterat.

1198 1609 1322 1673 Sed
1388 1610 1521 1672 iam
1587 1629 1797 1689 neque
1862 1611 2253 1675 dissimulari
2318 1633 2530 1693 neque

1435 1710 1672 1789 Itaque
1708 1709 1867 1772 dum
1905 1710 2192 1775 dictator
2214 1712 2528 1776 dilectum

427 1834 542 1893 per
590 1833 657 1875 se
708 1811 958 1873 Ardeae
1007 1809 1227 1886 habet,
1282 1809 1667 1889 magistrum
1716 1811 2015 1890 equitum
2069 1813 2138 1873 L.
2193 1813 2525 1875 Valerium

429 1935 469 1976 a
535 1913 685 1975 Veis
755 1910 1073 1974 adducere
1142 1910 1501 1972 exercitum
1571 1909 1772 1986 iubet,
1844 1917 2037 1989 parat
2107 1911 2527 1992 instruitque,

362 2027 395 2070 c
429 2012 664 2093 quibus
702 2010 878 2073 haud
916 2010 1128 2088 impar
1166 2008 1500 2071 adoriatur
1537 2009 1776 2085 hosteS,
1817 2009 2079 2072 interim
2117 2011 2529 2090 Capitolinus

427 2111 749 2175 exercitus
796 2109 1191 2172 stationibus
1241 2107 1604 2188 vigiliisque
1654 2108 1879 2184 fessus,
1929 2110 2255 2189 superatis
2303 2117 2530 2174 tamen

429 2211 731 2274 humanis
805 2209 1109 2272 omnibus
1185 2206 1388 2283 malis,
1467 2227 1618 2271 cum
1693 2207 1937 2271 famem
2012 2230 2214 2272 unam
2290 2216 2531 2274 natura

364 2327 395 2371 7
428 2310 600 2374 vinci
664 2332 797 2374 non
860 2309 1117 2384 sineret,
1186 2307 1359 2369 diem
1437 2306 1518 2371 de
1599 2307 1702 2370 die
1765 2315 2210 2388 prospectanS,
2275 2311 2530 2390 ecquod

430 2409 744 2475 auxilium
797 2409 881 2473 ab
931 2408 1251 2470 dictatore
1303 2415 1667 2487 appareret,
1718 2415 2049 2487 postremo
2099 2429 2213 2488 spe
2266 2430 2529 2491 quoque

428 2511 580 2587 iam,
633 2532 765 2573 non
815 2507 1027 2571 solum
1079 2508 1223 2570 cibo
1274 2506 1615 2569 deficiente
1664 2513 1753 2583 et,
1807 2528 1958 2570 cum
2008 2509 2328 2573 stationes
2381 2530 2532 2591 pro-

429 2611 750 2685 cederent,
799 2628 1001 2689 prope
1045 2606 1473 2670 obruentibus
1519 2606 1852 2668 infirmum
1900 2629 2133 2687 corpus
2181 2609 2379 2672 armis
2426 2609 2530 2672 vel

429 2710 578 2773 dedi
622 2709 724 2773 vel
768 2707 998 2772 redimi
1040 2727 1128 2783 se,
1176 2725 1592 2787 quacumque
1635 2707 1938 2786 pactione
1982 2714 2270 2786 possent,
2317 2709 2528 2785 iussit,

427 2810 825 2874 iactantibus
871 2830 1004 2871 non
1047 2807 1318 2870 obscure
1365 2804 1566 2868 Gallis
1610 2806 1787 2869 haud
1835 2828 2074 2887 magna
2120 2809 2413 2872 mercede
2461 2829 2530 2872 se

362 2928 395 2972 8
429 2909 666 2973 adduci
717 2928 925 2989 posse,
981 2913 1057 2970 ut
1110 2905 1516 2969 obsidionem
1566 2904 1957 2987 relinquant.

407 3091 419 3101 .
492 3061 542 3104 3.
576 3060 872 3110 umorique
935 3068 999 3102 ac
1062 3057 1281 3108 meon:
1344 3056 1430 3100 the

430 3128 649 3171 Romans
698 3127 965 3177 uniformly
996 3125 1149 3177 speak
1181 3125 1431 3175 disparag-

427 3195 562 3245 ingly
586 3195 639 3235 of
661 3195 747 3236 the
770 3193 1009 3235 northern
1033 3193 1246 3235 climate.
1304 3190 1431 3234 bus-

429 3262 732 3310 torumque
765 3289 780 3302 .
813 3288 827 3303 .
861 3288 875 3302 .
907 3259 1272 3304 Gaulcorum:
1302 3258 1430 3301 their

429 3331 573 3372 exact
624 3327 854 3376 location‚
908 3326 1097 3376 though
1158 3325 1316 3368 media
1372 3325 1430 3368 in

429 3396 541 3437 urbe
571 3395 666 3442 (22.
697 3396 769 3436 14.
801 3394 894 3443 11),
923 3394 963 3435 is
989 3394 1255 3435 unknown.

492 3464 541 3506 8.
574 3463 633 3505 Ι..
685 3459 992 3506 valerium:
1079 3459 1326 3511 Probably
1374 3460 1429 3502 L.

432 3528 649 3572 Valerius
688 3527 897 3575 Potitus,
938 3526 1108 3569 consul
1146 3528 1238 3568 392
1275 3538 1325 3569 Β.
1364 3537 1426 3576 c..

428 3595 549 3637 with
579 3594 741 3635 whom
775 3593 1007 3636 Camillus
1038 3593 1137 3636 had
1170 3593 1269 3635 had
1301 3594 1430 3636 close

428 3660 604 3703 official
624 3660 872 3703 relations..
941 3661 1064 3712 (31).
1118 3659 1348 3710 quibus:
1377 3677 1420 3692 ==

428 3738 497 3775 ea,
560 3727 752 3776 quibus:
810 3737 840 3767 a
900 3726 1284 3777 characterizing
1340 3725 1427 3769 rel.

428 3793 606 3836 clause.

493 3861 542 3902 8.
574 3859 794 3902 tamen:
824 3858 949 3902 both
969 3860 1204 3909 referring
1225 3860 1352 3902 back
1374 3862 1428 3902 to

428 3924 708 3972 stationibus
747 3956 760 3970 .
801 3956 815 3970 .
855 3956 869 3970 .
909 3926 1074 3977 ress-us,
1116 3927 1214 3972 and
1254 3928 1428 3970 antici-

2054 2908 2225 2970 Tum
2260 2915 2530 2972 senatus

1529 3056 1703 3108 pating
1746 3058 1832 3101 the
1875 3059 2153 3102 concessive
2197 3069 2305 3103 cum
2350 3058 2529 3103 clause.

1590 3128 1638 3169 7.
1673 3127 2056 3175 prospectans:
2097 3127 2181 3169 the
2203 3128 2391 3172 clauses
2412 3128 2532 3171 thus

1529 3191 1604 3233 far
1618 3192 1814 3243 explain
1829 3192 1943 3245 why
1959 3193 2192 3236 Camillus
2205 3195 2248 3236 is
2260 3194 2439 3238 looked
2455 3197 2532 3238 for

1528 3268 1582 3299 so
1597 3257 1810 3310 eagerly;
1831 3260 1959 3302 after
1980 3262 2209 3310 postremo
2224 3272 2388 3305 comes
2403 3263 2532 3306 their

1528 3324 1631 3367 dire
1666 3327 1922 3379 necessity.
1988 3335 2123 3370 cum
2148 3356 2162 3370 .
2187 3356 2202 3371 .
2228 3357 2243 3372 .
2276 3330 2534 3379 procede-

1526 3393 1678 3435 rent:
1714 3393 1887 3436 “since
1928 3394 2065 3436 there
2097 3405 2199 3437 was
2231 3398 2533 3440 continuous

1528 3460 1711 3502 service
1773 3470 1838 3501 on
1915 3461 2123 3511 guard.'’
2207 3461 2240 3505 i.
2265 3474 2308 3506 e.
2395 3462 2533 3507 one's

1528 3530 1643 3569 turn
1695 3536 1835 3569 came
1877 3537 1932 3569 so
1981 3527 2198 3580 quickly.
2277 3531 2532 3581 possent:

1528 3593 1693 3636 future
1718 3594 1769 3635 in
1791 3594 1897 3636 first
1930 3593 2058 3637 form
2091 3596 2143 3637 of
2178 3595 2265 3639 the
2297 3597 2530 3647 thought.

1527 3660 1716 3703 iussit:
1770 3661 1892 3703 with
1951 3661 2192 3712 exercitus,
2245 3665 2534 3716 expressing

1527 3727 1654 3770 their
1680 3725 1792 3770 will.

1588 3795 1638 3836 8.
1672 3794 1975 3838 tribunum
2059 3795 2341 3840 muitum:
2426 3797 2532 3842 bal·

1525 3860 1679 3903 ane-ed
1721 3861 1842 3903 with
1882 3862 2096 3912 requlum
2139 3863 2395 3914 Gallorum,
2440 3866 2532 3907 im-

1527 3927 1697 3981 plying
1762 3928 1889 3972 their
1954 3940 2117 3984 power
2183 3934 2237 3975 to
2291 3929 2532 3979 conclude
