2975 4367
513 359 623 417 116
1428 360 1494 414 Τ.
1530 359 1690 414 LIVI
2320 358 2536 425 [xxxix.
2573 363 2609 414 9

514 546 703 618 esset,
776 539 1023 620 placuit
1093 560 1241 603 cum
1319 539 1703 621 coniugibus
1778 561 1852 604 ac
1927 538 2142 604 liberis
2190 540 2608 605 iuventutem

516 640 864 706 militarem
930 645 1328 728 senatusque
1402 641 1603 704 robur
1667 640 1736 705 in
1804 661 2016 705 arcem
2081 640 2610 722 Capitoliumque

418 752 481 797 10
514 739 884 818 concedere,
940 740 1265 821 armisque
1317 747 1384 803 et
1436 740 1769 805 frumento
1827 740 2108 818 conlat0,
2154 761 2237 804 ex
2280 741 2421 805 loco
2456 741 2610 804 inde

515 838 772 904 munito
828 839 987 903 deos
1045 840 1467 921 hominesque
1525 847 1594 903 et
1654 823 2030 904 Romanum
2089 861 2330 905 nomen
2389 839 2612 904 defen-

421 954 476 995 11
514 940 665 1005 dere
673 960 693 1019 3
746 939 1073 1004 flaminem
1126 940 1625 1021 sacerdotesque
1676 940 1970 1004 Vestales
2020 961 2206 1005 sacra
2254 940 2520 1021 publica
2571 961 2613 1003 a

517 1041 734 1118 caede,
786 1040 869 1103 ab
917 1038 1229 1103 incendiis
1276 1041 1501 1120 procul
1553 1040 1804 1104 auferre
1851 1061 1969 1104 nec
2020 1047 2175 1104 ante
2222 1040 2430 1104 deseri
2479 1040 2611 1104 cul-

361 1156 377 1230 J
422 1159 482 1200 12
515 1148 660 1204 tum
714 1140 1004 1215 deorum,
1063 1160 1261 1220 quam
1318 1162 1450 1203 non
1504 1147 1933 1221 superessent,
1981 1140 2095 1222 qui
2150 1141 2453 1205 colerent.
2543 1140 2613 1204 Si

518 1260 636 1305 arx
701 1240 1245 1321 Capitoliumque,
1315 1240 1500 1304 sedes
1568 1241 1859 1317 deorum,
1927 1240 1984 1304 si
2049 1248 2337 1318 senatus,
2409 1247 2613 1321 caput

516 1339 758 1421 publici
829 1339 1094 1416 consilii,
1165 1340 1220 1404 si
1289 1341 1587 1404 militaris
1655 1340 1964 1404 iuventus
2030 1341 2424 1421 superfuerit
2491 1342 2613 1402 im-

516 1439 791 1507 minenti
849 1439 1074 1503 ruinae
1133 1441 1331 1516 urbis,
1392 1440 1647 1504 facilem
1707 1441 2028 1504 iacturam
2087 1461 2226 1504 esse
2282 1441 2611 1504 seniorum

422 1559 481 1600 13
516 1540 777 1605 relictae
803 1540 872 1604 in
893 1540 1052 1603 urbe
1074 1541 1303 1620 utique
1322 1541 1616 1621 peritura
1642 1541 1894 1603 turbae.
1956 1542 2048 1604 Et
2074 1562 2206 1621 quo
2223 1540 2288 1604 id
2308 1541 2612 1622 aequiore

518 1640 735 1705 animo
772 1639 855 1703 de
892 1640 1079 1720 plebe
1118 1640 1474 1703 multitudo
1515 1641 1729 1717 ferret,
1770 1661 1954 1704 senes
1993 1640 2421 1720 triumphales
2459 1662 2612 1704 con-

515 1740 888 1821 sularesque
927 1740 1118 1804 simul
1160 1761 1227 1803 se
1269 1761 1418 1804 cum
1458 1740 1581 1805 illis
1620 1740 1842 1823 palam
1883 1741 2094 1803 dicere
2134 1741 2447 1815 obiturOS‚
2491 1761 2610 1804 nec

517 1841 617 1905 his
650 1840 1044 1920 corporibus,
1082 1841 1318 1920 quibus
1352 1862 1485 1903 non
1520 1861 1703 1904 arma
1736 1841 1918 1916 ferre,
1957 1862 2088 1903 non
2122 1840 2292 1903 tueri
2322 1840 2610 1922 patriam

516 1947 803 2022 possent,
844 1946 1225 2003 oneraturos
1264 1941 1554 2021 inopiam
1595 1947 2020 2004 armatorum.

454 2061 478 2104 1
641 2040 783 2104 XL.
832 2041 1012 2103 Haec
1081 2040 1252 2103 inter
1318 2041 1599 2104 seniores
1668 2040 1864 2103 morti
1932 2040 2296 2105 destinatos
2363 2040 2615 2105 iactata

515 2140 772 2205 solacia.
863 2140 1100 2203 Versae
1145 2139 1296 2203 inde
1330 2140 1824 2204 adhortationes
1868 2139 1950 2203 ad
1999 2161 2231 2220 agmen
2274 2142 2611 2217 iuvenum,

517 2262 680 2323 quos
746 2238 813 2303 in
880 2239 1274 2321 Capitolium
1343 2247 1544 2321 atque
1610 2240 1678 2302 in
1745 2260 1958 2303 arcem
2025 2241 2610 2322 prosequebantur,

517 2340 1050 2405 commendantes
1125 2339 1357 2404 virtuti
1431 2361 1656 2403 eorum
1732 2340 2170 2421 iuventaeque
2245 2341 2424 2403 urbis
2498 2360 2616 2421 per

517 2446 842 2505 trecentos
880 2441 1221 2520 sexaginta
1260 2462 1464 2504 annos
1504 2441 1808 2503 omnibus
1846 2439 2029 2504 bellis
2068 2440 2372 2517 victricis,
2413 2461 2614 2521 quae-

451 2563 483 2606 2
517 2560 796 2621 cumque
834 2539 1083 2621 reliqua
1120 2548 1289 2604 esset
1329 2540 1614 2604 fortuna.
1701 2541 2248 2619 DigredientibuS‚
2279 2540 2393 2621 qui
2426 2561 2612 2620 spem

515 2660 778 2705 omnem
824 2647 1024 2721 atque
1070 2661 1261 2720 opem
1307 2661 1528 2704 secum
1575 2641 1893 2716 ferebant,
1943 2640 2028 2704 ab
2072 2640 2169 2717 iis,
2217 2641 2332 2722 qui
2378 2647 2614 2720 captae

451 2761 482 2805 3
516 2741 694 2804 urbis
761 2761 893 2803 non
958 2761 1289 2820 superesse
1355 2747 1727 2804 statuerant
1794 2740 2016 2817 exiti0,
2086 2761 2236 2804 cum
2302 2741 2447 2820 ipsa
2513 2761 2613 2804 res

516 2841 888 2921 speciesque
930 2840 1310 2904 miserabilis
1350 2848 1513 2918 erat,
1558 2847 1703 2903 tum
1746 2841 2075 2904 muliebris
2119 2841 2308 2904 fletus
2349 2848 2416 2903 et
2460 2860 2614 2903 con-

518 2940 802 3004 cursatio
838 2940 1088 3004 incerta
1122 2962 1294 3005 nunc
1332 2941 1451 3005 hos
1487 2961 1660 3004 nunc
1698 2938 1839 3004 illos
1874 2941 2289 3021 sequentium
2325 2940 2615 3020 rogitan-

517 3040 816 3121 tiumque
859 3040 1032 3104 viros
1075 3047 1415 3121 natosque,
1462 3040 1568 3104 cui
1609 3061 1677 3104 se
1701 3042 1748 3102 .f
1751 3047 1861 3103 ato
1904 3039 2159 3118 darent,
2205 3039 2383 3116 nihil,
2432 3040 2610 3121 quod

454 3163 482 3205 4
517 3141 788 3204 humani
861 3148 1224 3220 superesset
1300 3140 1474 3217 mali,
1554 3140 2025 3221 relinquebant.
2151 3141 2388 3220 Magna
2463 3161 2615 3220 pars

580 3291 661 3336 10.
692 3291 848 3336 inde:
877 3289 1135 3344 temporal.

585 3360 662 3404 u.
694 3359 1011 3403 flaminem:
1043 3360 1106 3403 ct.
1139 3361 1216 3404 40.
1250 3362 1295 3405 7.

584 3428 662 3470 18.
694 3425 919 3470 turbae:
966 3428 1087 3470 with
1133 3428 1368 3471 iacturam
1415 3429 1516 3472 and

518 3493 775 3546 explained
800 3493 869 3545 by
893 3494 1147 3539 seniorum.
1205 3495 1277 3539 Cr.
1302 3497 1380 3539 41.
1410 3498 1450 3539 1.

582 3561 661 3604 13.
694 3568 832 3612 quo:
859 3577 905 3594 —
930 3562 983 3603 ut
1022 3572 1089 3605 eo.
1161 3561 1244 3606 id:
1285 3566 1422 3606 neut.
1465 3564 1518 3606 of

517 3627 649 3671 loose
672 3627 918 3672 reference
941 3631 995 3671 to
1020 3628 1107 3672 the
1131 3628 1452 3674 destruction.

589 3745 711 3800 XL.
783 3745 895 3798 Tha
922 3746 1190 3799 vivv'dness
1220 3748 1277 3814 οῙ
1305 3748 1389 3801 the
1416 3749 1517 3815 fol—

519 3811 711 3877 lowing]
776 3812 1060 3878 narrative,
1130 3814 1202 3866 its
1267 3817 1518 3883 macterly

518 3884 849 3999 amb·
868 3877 1058 3931 should
1118 3880 1177 3933 be
1236 3883 1517 3976 compared

1677 3293 1726 3336 1.
1758 3290 2162 3343 iuventaeque:
2184 3303 2215 3336 a
2236 3265 2459 3345 pathetic
2479 3291 2616 3336 word

1536 3352 1545 3357 ’
1614 3361 1740 3404 from
1773 3361 1860 3405 the
1890 3362 2111 3405 seniores.

1675 3430 1727 3471 2.
1760 3428 1958 3481 captae
1994 3457 2008 3471 .
2033 3456 2048 3471 .
2072 3456 2087 3472 .
2120 3428 2315 3472 ontio:
2349 3427 2478 3472 “the
2501 3439 2618 3481 cap-

1615 3500 1727 3540 ture
1748 3495 1848 3538 and
1872 3495 2180 3539 destruction
2200 3498 2254 3540 of
2274 3496 2361 3541 the
2382 3496 2539 3550 city.”

1676 3562 1727 3606 8.
1761 3562 2075 3606 muliebris:
2111 3579 2156 3596 -
2188 3562 2444 3605 mulierum
2494 3564 2616 3606 with

1613 3629 1773 3673 which
1851 3630 2144 3681 sequentium
2221 3629 2618 3681 rom'tantiumque

1614 3708 1771 3748 agree.
1845 3697 1997 3749 quod
2038 3697 2375 3748 superesset:
2417 3697 2617 3740 “which

1614 3764 1758 3807 could
1789 3764 1921 3808 have
1952 3764 2254 3808 remained.”
2301 3764 2419 3807 Past
2444 3768 2618 3817 poten-

1616 3831 1721 3876 tial.

1676 3897 1727 3941 4.
1761 3896 1913 3949 quod
1959 3895 2126 3943 utssct
2172 3896 2283 3948 viz..
2334 3894 2620 3950 forbidding

1615 3965 1794 4010 shelter
1825 3970 1879 4013 to
1909 3967 2364 4013 non-combatantS.
