2975 4367
465 275 558 328 xii.
602 273 650 340 1]
1353 273 1592 328 LIBER
1628 274 1656 326 1
2490 274 2559 326 57

464 457 627 519 Cum
705 473 1047 517 commune
1125 453 1405 517 Romani
1483 454 1782 530 nominiS,
1861 459 2006 516 tum
2084 452 2426 532 praecipue
2492 452 2558 514 id

465 555 698 618 domus
734 573 888 617 suae
925 552 1206 616 dedecus
1242 554 1398 630 fore,
1437 554 1492 615 si
1531 554 1693 616 Anci
1730 554 1894 632 regis
1932 553 2099 615 virili
2137 553 2339 632 stirpe
2375 552 2559 615 salva

465 676 596 718 non
660 652 854 717 modo
918 653 1206 729 adveniS,
1270 654 1383 716 sed
1446 654 1649 716 servis
1710 653 1911 716 etiam
1975 672 2243 732 regnum
2309 653 2559 715 Romae

400 767 431 808 4
466 760 740 834 pateret.
829 755 1023 816 Ferro
1066 753 1264 832 igitur
1304 773 1450 817 eam
1489 773 1704 817 arcere
1734 753 2197 816 contumeliam
2229 757 2556 815 statuunt.

466 855 591 919 Sed
634 859 701 916 et
744 853 1014 916 iniuriae
1057 853 1240 916 dolor
1281 854 1349 916 in
1392 854 1819 935 Tarquinium
1863 854 2079 934 ipsum
2118 853 2323 932 magis
2358 872 2558 934 quam

465 955 533 1017 in
585 954 882 1018 Servium
934 972 1044 1015 eos
1095 954 1502 1030 stimulabat,
1556 961 1624 1017 et
1677 955 1832 1035 quia
1885 954 2142 1033 gravior
2193 952 2368 1016 ultor
2418 973 2560 1015 cae-

465 1055 585 1131 dis,
631 1054 684 1116 si
727 1060 1110 1133 superesset,
1157 1073 1272 1116 rex
1314 1054 1576 1117 futurus
1619 1061 1761 1117 erat
1806 1073 2005 1136 quam
2049 1053 2367 1134 privatus,
2413 1059 2559 1116 tum

467 1155 689 1217 Servio
747 1154 956 1216 occiso
1015 1173 1493 1236 quemcumque
1551 1154 1751 1217 alium
1806 1173 2137 1234 generum,
2197 1152 2556 1231 delegisset,

400 1268 430 1309 5
465 1254 744 1316 eundem
815 1254 991 1333 regni
1061 1254 1361 1317 heredem
1433 1255 1728 1319 facturus
1799 1255 2172 1331 videbatur;
2243 1252 2330 1315 ob
2399 1253 2558 1315 haec

464 1354 588 1433 ipsi
650 1354 781 1433 regi
843 1353 1111 1417 insidiae
1174 1361 1510 1433 parantur.
1621 1357 1724 1418 Ex
1767 1353 2138 1434 pastoribus
2200 1353 2331 1416 duo
2395 1352 2561 1415 fero-

467 1453 703 1515 cissimi
740 1453 973 1517 delecti
1013 1454 1096 1517 ad
1136 1454 1406 1531 facinUS,
1448 1455 1687 1536 quibus
1726 1454 2020 1517 consueti
2056 1460 2244 1517 erant
2282 1459 2559 1534 uterque

467 1554 828 1633 agrestibus
864 1554 1292 1631 ferramentiS,
1331 1554 1400 1617 in
1438 1554 1762 1618 vestibulo
1799 1555 2011 1634 regiae
2048 1574 2250 1635 quam
2286 1560 2559 1633 potuere

467 1653 1052 1717 tumultuosissime
1111 1655 1321 1734 specie
1380 1656 1559 1717 rixae
1617 1654 1686 1717 in
1744 1674 1811 1717 se
1871 1674 2096 1718 omnes
2156 1654 2561 1734 apparitores

465 1754 671 1846 regios
721 1761 1132 1817 convertunt.
1223 1755 1405 1832 Inde,
1441 1775 1591 1816 cum
1641 1755 1836 1818 ambo
1885 1774 2102 1835 regem
2152 1753 2559 1834 appellarent
2655 1838 2660 1847 ·
2730 1783 2738 1790 ·

466 1853 837 1935 clamorque
883 1874 1107 1917 eorum
1154 1855 1415 1933 penitus
1461 1855 1530 1918 in
1578 1855 1820 1934 regiam
1868 1854 2290 1937 pervenisset,
2339 1854 2560 1917 vocati

401 1966 431 2008 6
467 1954 549 2016 ad
613 1974 827 2035 regem
892 1961 1189 2035 pergunt.
1279 1955 1498 2018 Primo
1560 1963 1837 2036 uterque
1894 1953 2233 2018 vociferari
2295 1962 2364 2018 et
2428 1974 2561 2015 cer-

470 2053 665 2117 tatim
711 2054 875 2118 alter
918 2054 1102 2118 alteri
1146 2056 1546 2135 obstrepere;
1591 2055 1850 2118 coerciti
1895 2054 1980 2118 ab
2024 2054 2248 2119 lictore
2291 2061 2361 2118 et
2403 2053 2560 2116 iussi

468 2154 536 2216 in
596 2154 804 2216 vicem
863 2154 1072 2217 dicere
1133 2155 1401 2218 tandem
1459 2154 1724 2236 obloqui
1783 2155 2108 2218 desistunt
2119 2176 2136 2233 3
2193 2174 2365 2216 unus
2423 2174 2560 2217 rem

403 2266 432 2309 ⁷
466 2274 549 2316 ex
610 2255 972 2335 composito
1032 2255 1302 2318 orditur.
1409 2258 1585 2318 Dum
1628 2255 1921 2319 intentus
1980 2255 2049 2318 in
2108 2275 2258 2317 eum
2318 2274 2386 2317 se
2447 2274 2580 2316 rex·

468 2360 651 2417 totus
702 2362 1046 2432 averteret,
1102 2354 1267 2418 alter
1314 2354 1557 2419 elatam
1608 2356 1883 2417 securim
1933 2355 2002 2418 in
2053 2363 2253 2435 caput
2304 2355 2558 2430 deiecit,

468 2454 822 2536 relictoque
862 2455 930 2518 in
971 2455 1235 2518 vulnere
1275 2455 1406 2519 telo
1448 2455 1643 2519 ambo
1684 2474 1751 2517 se
1793 2456 1967 2519 foras
2006 2456 2268 2519 eiciunt.

406 2566 430 2608 1
593 2555 770 2617 XLI.
819 2555 1246 2637 Tarquinium
1281 2555 1744 2618 moribundum
1782 2576 1951 2633 cum,
1990 2555 2103 2638 qui
2141 2556 2309 2619 circa
2349 2564 2558 2632 erant,
2607 2585 2610 2588 ·

468 2654 892 2734 excepissent,
992 2655 1133 2719 illos
1230 2656 1551 2735 fugientes
1647 2655 1904 2719 lictores
2002 2657 2557 2736 conprehendunt.

468 2753 727 2818 Clamor
782 2755 932 2818 inde
992 2774 1465 2837 concursusque
1522 2756 1747 2835 populi
1806 2756 2207 2834 mirantium,
2251 2756 2411 2838 quid
2470 2756 2561 2818 rei

469 2861 656 2917 esset.
746 2855 1067 2937 Tanaquil
1126 2856 1296 2918 inter
1355 2855 1717 2919 tumultum
1779 2856 1994 2919 claudi
2053 2857 2295 2936 regiam
2355 2855 2559 2932 iubet,

470 2954 748 3018 arbitros
783 2955 952 3018 eicit.
1050 2955 1253 3018 Simul
1305 2975 1472 3036 quae
1526 2956 1814 3019 curando
1866 2956 2117 3019 vulneri
2168 2976 2333 3036 opus
2383 2964 2558 3031 sunt,

469 3061 812 3136 tamquam
884 3076 1032 3136 spes
1103 3055 1417 3132 subesset,
1493 3055 1716 3119 sedulo
1791 3064 2152 3138 comparat,
2228 3057 2440 3134 simul,
2509 3057 2562 3117 si

2490 3269 2565 3279 .-

469 3325 598 3369 male
686 3326 1012 3369 descendants
1102 3326 1202 3368 still
1290 3326 1467 3369 alive.''

470 3394 710 3443 pateret:
737 3394 766 3412 ‘⁴
777 3393 838 3436 be
862 3393 1155 3437 available.''

533 3461 583 3503 4.
619 3462 743 3506 Sed:
762 3461 1074 3504 adversative
1094 3466 1147 3504 to
1166 3461 1252 3504 the
1262 3459 1470 3504 obvious

471 3528 684 3578 thought
732 3529 844 3571 that
894 3528 1015 3580 they
1061 3528 1225 3572 would
1271 3538 1471 3571 remove

471 3596 683 3639 Servius.

535 3665 584 3707 5.
617 3662 846 3714 quibua:
912 3681 955 3696 ==

472 3731 641 3781 quibus
671 3730 835 3780 (dat.).

536 3802 583 3843 ’1.
619 3799 759 3841 dum
811 3827 826 3841 .
876 3828 890 3841 .
942 3827 957 3842 .
1007 3799 1306 3841 averteret:
1341 3799 1471 3840 atter

474 3864 559 3907 the
578 3865 787 3916 analogy
807 3866 859 3907 of
878 3877 907 3907 a
926 3876 1033 3908 cum
1056 3867 1234 3910 clause.

1018 3662 1085 3706 iis
1157 3661 1467 3714 ferramentis,

1631 3325 1765 3369 XLI.
1802 3328 1849 3369 1.
1885 3326 2314 3372 moribundum:
2358 3339 2437 3371 see
2482 3329 2565 3371 In-

1570 3394 1697 3436 trod.
1724 3396 1781 3439 V.
1810 3399 1851 3438 2.
1873 3408 1911 3439 e.
1978 3395 2339 3438 mirantium:
2373 3407 2402 3437 a
2424 3407 2565 3440 sense

1569 3465 1847 3510 agreement
1870 3461 1992 3503 with
2012 3461 2194 3511 populi.
2259 3470 2403 3512 quae
2440 3491 2455 3506 .
2495 3493 2508 3506 .
2550 3493 2564 3506 .

1570 3535 1709 3577 opus
1731 3529 1894 3572 aunt:
1917 3527 2038 3570 with
2053 3539 2173 3578 opus
2187 3539 2241 3570 as
2263 3539 2293 3570 a
2314 3529 2567 3580 predicate

1571 3595 1655 3637 the
1701 3595 1844 3646 thing
1885 3595 2070 3638 needed
2114 3596 2238 3638 isin
2294 3596 2379 3639 the
2430 3608 2563 3641 nom.

1569 3662 1759 3705 instead
1825 3663 1878 3705 of
1941 3662 2027 3706 the
2090 3662 2187 3706 abl.
2285 3663 2565 3708 subesset:

1572 3730 1779 3773 “lurked
1810 3731 1862 3773 in
1895 3730 1984 3773 her
2010 3730 2200 3773 mind.’'
2265 3732 2566 3781 praesidia:

1569 3798 1600 3840 i.
1618 3809 1658 3840 e.
1703 3808 1873 3840 means
1915 3798 1967 3839 ot
2008 3797 2207 3841 defense
2248 3799 2324 3840 for
2365 3799 2568 3850 holding

1571 3864 1657 3907 the
1688 3875 1851 3917 power
1880 3864 2054 3908 within
2087 3865 2173 3908 the
2200 3866 2388 3918 family.
