2975 4367
468 270 542 327 88
1386 270 1453 329 T.
1496 271 1654 328 LIVI
2241 271 2456 339 [xxviii.
2501 275 2568 328 10

469 453 724 516 vinctos
787 451 870 516 ad
932 471 1001 516 se
1064 451 1300 516 adduci
1361 452 1565 530 iubet,
1628 451 1871 535 oppido
1934 452 2250 518 Corbione
2313 454 2565 519 decedi:

465 552 797 632 sanguinis
842 571 911 616 se
958 552 1335 634 Aequorum
1380 574 1515 617 non
1559 571 1770 632 egere;
1818 552 2004 616 licere
2052 553 2256 632 abire;
2302 554 2437 632 sed,
2488 562 2563 619 ut

464 652 872 733 exprimatur
904 652 1175 716 tandem
1210 652 1527 717 confessio
1560 652 1906 716 subactam
1939 651 2392 736 domitamque
2425 675 2563 718 esse

371 764 427 806 11
464 759 746 832 gentem,
802 750 927 815 sub
967 752 1192 831 iugum
1232 752 1545 817 abituros.
1634 752 1868 816 Tribus
1923 753 2129 817 hastis
2182 754 2409 834 iugum
2462 757 2559 832 fit,

466 853 648 914 humi
685 853 832 916 fixis
870 851 1126 917 duabus
1162 872 1485 933 superque
1524 873 1634 916 eas
1672 859 2046 917 transversa
2083 873 2217 918 una
2253 854 2557 936 deligata.

465 953 600 1016 Sub
636 954 757 1016 hoc
795 953 1019 1032 iugum
1054 952 1340 1016 dictator
1376 953 1637 1033 Aequos
1673 953 1868 1015 misit.

401 1064 424 1106 1
589 1054 851 1116 XXIX.
898 1054 1141 1117 Castris
1169 1054 1457 1116 hostium
1480 1053 1755 1133 receptis
1790 1052 1999 1135 plenis
2025 1055 2322 1118 omnium
2344 1076 2561 1120 rerum

464 1188 546 1197 -—
566 1154 777 1217 nudos
819 1153 994 1217 enim
1035 1153 1339 1217 emiserat
1363 1187 1445 1196 —
1466 1153 1778 1234 praedam
1820 1174 2085 1219 omnem
2127 1177 2247 1219 suo
2292 1162 2559 1220 tantum

400 1265 430 1307 2
463 1253 654 1317 militi
704 1254 888 1317 dedit
898 1273 915 1331 ;
966 1253 1369 1317 consularem
1419 1253 1780 1341 exercitum
1830 1254 2176 1337 ipsumque
2228 1256 2558 1321 consulem

462 1354 803 1435 increpans
854 1354 1159 1418 ‘carebis'
1211 1353 1426 1434 inquit
1477 1354 1787 1434 ‘praedae
1836 1362 2044 1436 parte,
2097 1355 2299 1433 miles,
2350 1377 2433 1420 ex
2481 1377 2557 1421 eo

463 1455 668 1531 hoste,
707 1442 1057 1536 cui‘prope
1102 1455 1381 1536 praedae
1426 1454 1636 1532 fuisti3
1679 1461 1748 1519 et
1794 1460 1890 1531 tu,
1930 1456 2000 1517 L.
2042 1455 2303 1533 Minuci,
2351 1456 2556 1520 donec

462 1553 866 1619 consularem
918 1555 1211 1618 animum
1277 1554 1549 1634 incipias
1615 1554 1872 1632 habere,
1922 1554 2174 1635 legatus
2220 1556 2319 1619 his
2365 1555 2559 1636 legio-

397 1664 427 1707 3
460 1654 651 1718 nibus
675 1655 996 1735 praeeris.'
1076 1655 1267 1718 Itase
1285 1654 1606 1718 Minucius
1629 1654 1894 1718 abdicat
1917 1654 2282 1733 consulatu,
2316 1650 2557 1720 iussus-

461 1774 587 1833 que
631 1755 714 1818 ad
756 1755 1117 1818 exercitum
1146 1761 1388 1818 manet.
1480 1754 1605 1818 Sed
1634 1753 1796 1818 adeo
1833 1762 1978 1818 tum
2014 1755 2285 1836 imperio
2309 1755 2556 1819 meliori

460 1855 716 1918 animus
746 1862 1085 1919 mansuete
1114 1854 1464 1918 oboediens
1493 1861 1654 1932 erat,
1687 1861 1764 1918 ut
1794 1854 2088 1918 beneficii
2118 1857 2324 1935 magis
2354 1876 2554 1937 quam

457 1954 848 2034 ignominiae
915 1956 1016 2018 hic
1081 1956 1404 2019 exercitus
1470 1974 1718 2018 memor
1780 1961 1850 2018 et
1915 1975 2223 2018 coronam
2288 1976 2553 2020 auream

457 2054 764 2118 dictatori
839 2055 1071 2118 libram
1147 2055 1364 2136 pondo
1439 2055 1818 2133 decreverit,
1894 2061 1963 2119 et
2037 2055 2553 2136 proficiscentem

456 2175 607 2218 eum
647 2162 1000 2235 patronum
1040 2155 1444 2219 salutaverit.
1532 2165 1538 2171 '

391 2266 423 2307 4
582 2256 832 2319 Romae
884 2277 924 2319 a
974 2256 1049 2332 Q.
1106 2256 1308 2318 Fabio
1359 2255 1690 2336 praefecto
1742 2257 1919 2320 urbis
1967 2263 2235 2321 senatus
2286 2257 2552 2321 habitus

458 2356 974 2436 triumphantem
1022 2355 1421 2432 Quinctium,
1469 2376 1601 2435 quo
1647 2356 1952 2419 veniebat
1997 2357 2274 2435 agmine,
2322 2358 2550 2421 urbem

435 2455 702 2535 ‘ingredi
747 2456 953 2519 iussit.
1049 2457 1251 2519 Ducti
1295 2461 1448 2517 ante
1497 2476 1757 2517 currum
1805 2456 2092 2519 hostium
2129 2456 2346 2534 duces,
2386 2457 2553 2521 mili-

454 2556 625 2619 taria
671 2556 858 2635 signa
906 2556 1220 2635 praelata,
1271 2561 1536 2618 secutus
1585 2556 1907 2619 exercitus
1958 2555 2201 2635 praeda
2249 2563 2546 2622 onustus.

386 2666 418 2708 5
454 2655 703 2735 Epulae
742 2656 1101 2719 instructae
1138 2653 1447 2718 dicuntur
1497 2646 1693 2717 fuis'se
1744 2661 1898 2718 ante
1946 2656 2242 2718 omnium
2291 2656 2546 2734 domne,

450 2754 920 2836 epulantesque
986 2774 1136 2817 cum
1202 2754 1486 2816 carmine
1552 2754 1932 2834 triumphali
1996 2761 2064 2818 et
2128 2754 2548 2822 sollemnibus

450 2854 604 2919 iocis
640 2854 1099 2919 comisantium
1136 2854 1332 2917 modo
1368 2874 1630 2916 currum
1664 2854 1871 2917 secuti
1905 2862 2079 2918 sunt.

386 2964 414 3008 ⁷
575 2956 918 3032 Quinctius
962 2961 1150 3018 sexto
1196 2940 1449 3017 decimo
1495 2952 1600 3015 die
1645 2953 1978 3018 dictatura
2020 2954 2088 3017 in
2132 2976 2248 3019 sex
2294 2977 2548 3021 menses

450 3060 720 3135 accepta
751 3076 820 3118 se
855 3054 1207 3118 abdicavit.

511 3255 709 3300 XXIX.
744 3257 793 3300 1.
825 3256 1084 3307 receptis:
1120 3275 1162 3290 ι-
1196 3256 1363 3307 captis,
1391 3231 1447 3298 as
1546 3256 1858 3308 represented
1886 3257 1974 3301 the
2001 3257 2196 3300 consuls
2223 3258 2276 3301 in
2303 3259 2433 3302 their
2460 3259 2547 3302 ab·

447 3325 600 3367 often.
663 3323 870 3367 nudos:
902 3323 1142 3366 associate
1170 3323 1291 3366 with
1320 3323 1446 3366 iner-
1545 3334 1702 3367 sence.
1764 3325 1837 3367 cr.
1870 3326 1912 3367 1.
1941 3318 2018 3367 50.
2054 3327 2125 3368 11.
2186 3325 2548 3377 triumphan-

447 3402 543 3433 mee
570 3392 622 3433 in
649 3391 736 3434 the
762 3391 884 3433 hard
913 3395 1066 3434 terms
1092 3391 1146 3433 ot
1171 3390 1444 3434 surrender.
1545 3391 1689 3434 tem:
1730 3391 1818 3434 the
1858 3391 2074 3443 position
2115 3392 2420 3443 emphasizes
2459 3394 2548 3436 the

446 3459 705 3502 tantum:
732 3475 776 3492 ι-
802 3459 953 3501 modo.
1544 3457 1812 3509 voluntary
1841 3458 2008 3501 action
2036 3458 2091 3500 ot
2119 3459 2207 3502 the
2234 3462 2425 3509 senate:
2454 3470 2547 3502 nor

507 3527 558 3569 2.
590 3525 827 3577 praedae
850 3525 1055 3577 (fuistin
1073 3525 1245 3570 dative
1260 3526 1315 3569 ot
1331 3536 1447 3578 pur-
1543 3535 1645 3567 was
1672 3525 1811 3568 there
1836 3525 1924 3568 the
1948 3528 2235 3576 customary
2261 3524 2408 3578 delay
2433 3530 2547 3570 out-

444 3603 577 3645 poae
1543 3592 1649 3635 side
1678 3592 1765 3635 the
1794 3592 1915 3644 city.

507 3661 557 3703 8.
588 3661 825 3712 imperio
884 3659 1125 3705 meliori:
1186 3661 1447 3712 “superior
1607 3662 1656 3704 δ.
1689 3658 2008 3710 epulantes:
2051 3670 2119 3704 sc.
2163 3659 2354 3705 milites.
2430 3668 2548 3704 esr-

446 3728 703 3779 authority
728 3727 828 3771 and
853 3727 1066 3772 worth.”
1119 3727 1444 3772 decreverit.
1544 3726 1699 3770 mine
1731 3725 2092 3777 tnumphsnz
2125 3729 2215 3771 not
2248 3726 2546 3780 technically

446 3792 534 3836 See
560 3804 625 3836 on
651 3794 907 3846 abstulerit,
971 3795 1012 3838 1.
1045 3796 1116 3838 16.
1150 3797 1190 3838 1.
1543 3806 1573 3838 a
1606 3805 1794 3837 carmen
1826 3794 2128 3845 triumphale.
2195 3794 2268 3838 Cf.
2302 3796 2348 3838 5.
2384 3797 2461 3841 49.
2496 3795 2545 3839 7.

508 3862 557 3903 4.
592 3861 872 3912 praetento
915 3860 1094 3906 urbis:
1139 3862 1238 3905 this
1281 3863 1445 3905 officer
1543 3861 1935 3907 sollemnibus:
1964 3861 2341 3914 “customaryss'
