2975 4367
535 308 637 362 130
1453 307 1520 362 Τ.
1556 306 1716 360 LIVI
1750 337 1754 342 -
2398 307 2552 362 xxix.
2591 311 2624 360 4

532 489 688 570 quia
720 488 967 552 viribus
999 487 1145 569 plus
1177 494 1506 570 poterant,
1543 510 1691 552 cum
1725 487 2117 565 intulissent,
2155 492 2362 551 coacti
2398 488 2623 568 inopes

532 588 615 653 ad
687 587 1168 669 opulentiorum
1242 588 1557 652 auxilium
1630 590 1993 668 confugere,
2066 589 2415 670 Campanis
2484 608 2623 652 sese

464 700 496 743 ὅ
531 688 951 767 coniungunt.
1042 689 1357 768 Campani
1444 689 1649 768 magis
1735 709 1974 752 nomen
2056 687 2142 753 ad
2227 687 2619 769 praesidium

529 788 850 851 sociorum
899 809 1099 869 quam
1148 789 1315 851 vires
1363 809 1513 852 cum
1563 788 1956 866 attulissent,
2008 789 2282 852 fluentes
2329 786 2488 851 luxu
2536 788 2621 852 ab

530 887 782 952 duratis
817 909 940 951 usu
976 909 1305 951 armorum
1341 889 1409 951 in
1445 889 1728 952 Sidicino
1764 888 1933 969 pulsi
1970 909 2140 967 agm,
2180 888 2249 953 in
2283 907 2351 951 se
2387 887 2619 952 deinde

465 999 495 1041 6
531 988 768 1051 molem
863 1009 1124 1052 omnem
1222 988 1371 1051 belli
1457 994 1813 1052 verterunt.
1906 987 2206 1069 Namque
2289 989 2616 1053 Samnites

529 1089 780 1153 omissis
835 1089 1131 1152 Sidicinis
1186 1089 1396 1169 ipsam
1453 1109 1668 1152 arcem
1723 1088 2169 1165 finitimorum,
2228 1089 2615 1170 CampanOS,

530 1188 761 1265 adorti,
800 1189 974 1252 unde
1012 1209 1216 1269 aeque
1252 1188 1456 1252 facilis
1494 1187 1788 1265 victoria,
1827 1188 2107 1268 praedae
2144 1196 2343 1271 atque
2380 1187 2619 1268 gloriae

528 1287 674 1367 plus
715 1295 904 1366 esset,
947 1289 1188 1365 Tifata,
1234 1289 1636 1352 imminentis
1679 1289 1939 1369 Capuae
1983 1287 2195 1366 colles,
2239 1308 2391 1352 cum
2434 1309 2620 1370 prae-

526 1388 691 1451 sidio
774 1389 961 1451 firmo
1044 1396 1489 1470 occupassent,
1575 1389 1979 1452 descendunt
2060 1388 2212 1454 inde
2294 1388 2618 1471 quadrato

529 1489 784 1569 agmine
822 1489 889 1551 in
927 1488 1285 1571 planitiem,
1328 1510 1496 1570 quae
1517 1489 1829 1568 'Capuam
1868 1488 2218 1570 Tifataque
2254 1488 2615 1553 interiacet.

461 1601 492 1646 7
527 1588 630 1651 Ibi
673 1609 895 1652 rursus
939 1589 1075 1673 acie
1119 1589 1533 1666 dimicatum;
1580 1588 1983 1669 adversoque
2021 1586 2277 1678 proelio*
2299 1588 2620 1670 Campani

462 2004 484 2045 1

527 1688 702 1751 intra
734 1689 990 1752 moenia
1024 1689 1358 1768 compulsi,
1380 1709 1530 1751 cum
1556 1689 1785 1751 robore
1818 1689 2182 1751 iuventutis
2213 1708 2372 1752 suae
2405 1690 2615 1753 acciso

525 1788 705 1851 nulla
765 1789 1134 1870 propinqua
1195 1808 1341 1868 spes
1403 1795 1592 1864 esset,
1660 1788 1869 1850 coacti
1931 1794 2086 1851 sunt
2151 1788 2236 1851 ab
2301 1789 2617 1853 Romanis

524 1894 743 1969 petere
784 1889 1115 1952 auxilium.
2364 1906 2371 1912 ·

648 1989 872 2051 XXX.
922 1990 1147 2069 Legati
1226 1980 1581 2051 introducti
1660 1987 1728 2050 in
1805 1993 2107 2051 senatum
2187 1988 2472 2053 maxime
2548 1988 2616 2053 in

524 2089 691 2152 hanc
740 2089 1136 2152 sententiam
1186 2088 1385 2151 locuti
1433 2095 1616 2151 sunt:
1716 2087 2026 2168 ‘populus
2075 2109 2193 2151 nos
2242 2088 2616 2170 Campanus

524 2187 769 2269 legatos
830 2189 914 2252 ad
977 2210 1113 2273 κζοε,
1178 2196 1396 2268 patres
1458 2187 1853 2267 conscripti,-
1891 2187 2068 2251 misit
2130 2187 2486 2252 amicitiam
2548 2190 2616 2252 in

458 2305 488 2346 2
522 2296 932 2368 perpetuum,
985 2288 1298 2352 auxilium
1348 2308 1650 2368 praesens
1699 2308 1738 2350 a
1786 2287 1973 2351 vobis
2007 2287 2310 2369 petitum.
2400 2287 2616 2366 Quam

521 2388 576 2451 si
604 2389 902 2452 secundis
933 2390 1124 2452 rebus
1155 2388 1391 2451 nostris
1421 2387 1828 2467 petissemus,
1861 2387 2031 2451 sicut
2061 2393 2296 2470 coepta
2324 2386 2614 2467 celeriUS,

522 2488 618 2552 ita
672 2488 1020 2551 infirmiore
1077 2487 1335 2551 vinculo
1393 2493 1733 2550 contracta
1772 2494 1976 2551 esset.
2061 2489 2247 2551 Tunc
2302 2489 2497 2566 enim,
2538 2498 2617 2553 ut

523 2588 634 2668 qui
684 2609 768 2651 ex
818 2609 1025 2668 aequo
1076 2610 1194 2652 nos
1246 2588 1497 2651 venisse
1547 2587 1615 2649 in
1667 2587 2023 2651 amicitiam
2073 2588 2611 2665 meminissemuS,

522 2688 712 2753 amici
766 2689 1039 2752 forsitan
1091 2689 1335 2773 pariter
1387 2708 1460 2749 ac
1515 2707 1709 2763 nunc,
1763 2687 2039 2751 subiecti
2092 2694 2293 2770 atque
2343 2690 2613 2753 obnoxii

520 2788 707 2852 vobis
772 2789 984 2851 minus
1047 2808 1358 2864 essemus;
1421 2807 1616 2863 nunc,
1684 2787 2120 2851 misericordia
2182 2795 2402 2853 vestra
2464 2811 2614 2853 con-

521 2888 718 2952 ciliati
785 2887 1154 2968 auxilioque
1219 2888 1287 2951 in
1352 2887 1568 2950 dubiis
1634 2886 1826 2950 rebus
1891 2886 2157 2965 defensi,
2227 2889 2612 2953 beneficium

520 3009 778 3069 quoque
846 2995 1188 3068 acceptum
1255 2987 1543 3051 colamus
1608 2992 1889 3066 oportet,
1959 3009 2041 3051 ne
2106 2987 2344 3068 ingrati
2412 2995 2613 3070 atque

580 3175 629 3219 8.
664 3174 957 3226 campani:
995 3173 1081 3217 the
1117 3172 1427 3217 inhabitants
1464 3172 1516 3214 of
1614 3172 1782 3218 tiam:
1818 3172 1980 3226 “very
2011 3172 2159 3217 much
2193 3175 2248 3217 to
2282 3171 2382 3216 this
2414 3170 2614 3220 effect.''

517 3242 603 3286 the
624 3243 726 3285 rich
750 3254 858 3294 acer
882 3244 1174 3293 Campanus,
1201 3242 1364 3284 whose
1387 3241 1515 3284 chief
1613 3241 1854 3292 populus
1889 3250 1991 3285 nos
2021 3243 2339 3293 campanus
2371 3241 2613 3294 legatos:

515 3311 619 3362 city
656 3321 756 3352 was
796 3311 979 3362 Capua.
1052 3308 1189 3361 They
1227 3319 1352 3351 were
1390 3320 1515 3352 even
1612 3320 1677 3352 an
1706 3308 2008 3352 interlocked
2037 3309 2180 3353 order
2208 3309 2347 3352 often
2375 3310 2532 3353 found
2562 3312 2612 3355 in

515 3377 754 3429 remotely
779 3377 831 3418 of
856 3376 1077 3420 Samnite
1102 3375 1257 3424 stock,
1286 3375 1377 3418 but
1404 3386 1514 3418 now
1613 3380 1805 3428 poetry.
1867 3376 2053 3427 patres
2083 3375 2409 3427 conscripti:
2438 3386 2520 3421 see
2548 3388 2612 3420 on

516 3454 679 3494 grown
700 3444 845 3486 effete
871 3443 1084 3493 (fluentes
1104 3443 1244 3493 luxu)
1267 3443 1387 3493 they
1407 3454 1516 3494 pre-
1613 3447 1657 3487 2.
1693 3445 1734 3487 1.
1769 3444 1841 3487 11.
1903 3442 2176 3495 petitum:
2204 3442 2394 3494 supine.

514 3510 685 3553 sented
720 3510 859 3553 weak
892 3511 1157 3553 resistance
1190 3513 1244 3553 to
1279 3510 1408 3553 their
1440 3510 1515 3552 in-
1673 3512 1723 3553 2.
1758 3511 1962 3563 Quam:
1998 3509 2237 3552 translate
2273 3509 2401 3553 “the
2433 3510 2613 3554 friend·

514 3578 690 3620 vaders
724 3578 812 3626 (6).
1612 3578 1773 3629 ship.”
1848 3577 1997 3621 sicut
2044 3605 2058 3620 .
2106 3605 2121 3620 .
2169 3605 2184 3620 .
2226 3576 2335 3621 lta:
2380 3576 2609 3629 “though

578 3646 626 3687 8.
660 3651 859 3695 aeque:
924 3653 981 3687 as
1045 3643 1173 3686 from
1238 3643 1324 3687 the
1388 3643 1515 3687 Sidi·
1614 3677 1625 3688 .
1668 3676 1681 3688 .
1723 3675 1736 3688 .
1777 3644 1914 3695 yet.'’
1987 3643 2075 3686 See
2113 3653 2180 3686 on
2224 3644 2265 3688 1.
2305 3644 2384 3689 25.
2424 3645 2472 3690 7.
2543 3644 2610 3688 ut

513 3711 714 3754 cinianS.
778 3709 946 3754 esset:
975 3727 1018 3743 —
1046 3711 1139 3753 fut.
1169 3710 1316 3754 indic.
1346 3711 1397 3758 in
1427 3711 1514 3754 the
1611 3711 1733 3762 qui:
1764 3721 1843 3754 see
1871 3721 1936 3752 on
1968 3710 2127 3753 Praei.
2158 3712 2204 3754 2.

513 3777 666 3820 direct
696 3777 925 3828 thought.
988 3776 1196 3822 mata:
1225 3788 1255 3819 a
1283 3788 1432 3828 range
1461 3778 1514 3820 of
1672 3779 1723 3821 8.
1756 3776 2039 3821 conciliati
2082 3805 2096 3819 .
2139 3805 2153 3820 .
2196 3805 2210 3819 .
2248 3776 2488 3822 dotem:
2526 3778 2610 3823 the

515 3843 623 3885 hills
650 3844 798 3893 rising
824 3845 984 3886 above
1011 3845 1195 3894 Capua.
1609 3846 1915 3896 assumption
1949 3845 1990 3887 is
2022 3843 2326 3895 diplomatic.

576 3908 746 3953 XXX.
781 3911 829 3952 1.
864 3910 1109 3953 maxime
1144 3938 1158 3955 .
1194 3939 1208 3954 .
1244 3939 1258 3954 .
1289 3912 1513 3957 senten-
