2975 4367
509 265 580 319 68
1419 263 1483 314 Τ.
1523 259 1681 315 LIVI
2382 262 2498 327 ssiv.
2544 266 2611 317 10

512 445 721 510 tiones
774 443 925 507 inde
978 444 1415 525 praedaeque;
1469 450 1539 506 et
1592 442 1933 505 dulcedine
1986 443 2230 523 privati
2285 445 2611 509 commodi
2678 464 2688 474 ·

511 565 736 609 sensus
784 544 1105 608 malorum
1151 543 1563 625 publicorum
1612 542 1832 619 adimi,
1882 542 2088 606 donec
2135 543 2297 606 orba
2344 544 2609 609 consilio

514 645 884 730 auxilioque
942 643 1199 709 Gabina
1254 664 1355 708 res
1411 643 1545 724 regi
1602 643 1905 708 Romano
1960 642 2098 708 sine
2152 643 2288 708 ulla
2342 644 2612 709 dimica-

512 747 690 811 tione
724 745 794 809 in
830 764 1100 808 manum
1136 743 1439 809 traditur.

450 863 474 905 1
639 846 842 909 LVII.
892 843 1177 908 Ardeam
1201 845 1433 908 Rutuli
1460 843 1818 921 habebant,
1844 865 2023 927 genS,
2045 851 2125 909 ut
2151 843 2220 908 in
2245 863 2324 908 ea
2350 844 2609 925 regione

515 954 713 1029 atque
779 946 849 1010 in
914 965 992 1008 ea
1060 951 1298 1022 aetate,
1367 945 1615 1009 divitiis
1681 946 2104 1026 praepollens.
2196 946 2423 1027 anue
2468 945 2611 1025 ipsa

515 1067 710 1110 causa
768 1046 917 1109 belli
975 1045 1122 1122 fuit,
1183 1043 1359 1125 quod
1418 1065 1534 1107 rex
1591 1046 1931 1108 Romanus
1989 1065 2139 1108 cum
2195 1044 2334 1127 ipse
2390 1045 2607 1123 ditari,

512 1149 872 1211 exhaustus
905 1145 1389 1226 magnificentia
1419 1144 1830 1226 publicorum
1861 1164 2155 1225 operum,
2189 1153 2335 1210 tum
2367 1145 2612 1227 praeda

447 1263 478 1306 3
513 1247 793 1310 delenire
821 1245 1236 1327 popularium
1273 1245 1526 1310 animos
1560 1244 1891 1308 studebat.
1979 1247 2336 1327 Temptata
2360 1266 2462 1309 res
2487 1252 2609 1324 est,

512 1348 567 1412 si
607 1347 817 1428 primo
858 1345 1109 1426 impetu
1154 1345 1300 1426 capi
1328 1345 1544 1408 Ardea
1583 1351 1823 1425 posset.
1913 1345 2045 1410 Ubi
2084 1345 2152 1407 id
2194 1365 2429 1426 parum
2462 1365 2611 1426 pro-

513 1448 724 1525 cessit,
783 1446 1118 1510 obsidione
1176 1445 1780 1526 munitionibusque
1835 1444 2051 1526 coepti
2104 1446 2312 1526 premi
2367 1446 2607 1509 hostes,

448 1565 477 1607 4
640 1549 719 1612 In
766 1547 865 1611 his
912 1546 1193 1623 stativis,
1241 1553 1321 1610 ut
1368 1545 1445 1609 fit
1494 1545 1685 1625 longo
1734 1545 1939 1625 magis
1987 1565 2187 1627 quam
2238 1546 2368 1609 acri
2418 1546 2606 1623 bello,

511 1648 672 1712 satis
725 1647 906 1710 liberi
960 1652 1365 1710 commeatus
1417 1652 1626 1722 erant,
1681 1644 2074 1726 primoribus
2125 1652 2352 1709 tamen
2403 1636 2611 1726 magis

446 1768 476 1809 5
513 1768 712 1830 quam
768 1746 1084 1811 militibus
1093 1767 1111 1824 ;
1165 1745 1321 1826 regii
1374 1745 1641 1828 quidem
1693 1744 1962 1809 iuvenes
2013 1745 2348 1809 interdum
2399 1745 2611 1809 otium

445 1865 477 1908 c
512 1847 828 1911 conviviis
898 1845 1563 1927 comisationibusque
1632 1846 1803 1909 inter
1854 1866 1923 1910 se
1977 1846 2300 1910 terebant.
2415 1848 2611 1909 Forte

511 1947 897 2030 potantibus
938 1947 1039 2011 his
1082 1946 1257 2027 apud
1301 1948 1447 2011 Sex.
1494 1945 1943 2027 Tarquinium,
1985 1945 2101 2008 ubi
2140 1953 2211 2010 et
2251 1945 2612 2011 Collatinus

511 2047 790 2112 cenabat
851 2046 1263 2128 Tarquinius,
1331 2046 1546 2126 Egerii
1608 2045 1796 2123 filius,
1860 2045 2092 2110 incidit
2153 2046 2237 2109 de
2296 2045 2612 2111 uxoribus

446 2166 475 2210 7
511 2148 783 2225 mentio;
833 2167 1023 2212 suam
1075 2146 1348 2228 quisque
1400 2145 1667 2210 laudare
1719 2145 1897 2211 miris
1948 2145 2177 2211 modis.
2275 2146 2438 2212 Inde
2480 2164 2614 2209 cer-

510 2248 756 2312 tamine
794 2267 1064 2311 accenso
1101 2245 1461 2310 Collatinus
1498 2253 1696 2326 negat
1731 2246 1947 2312 verbis
1982 2267 2149 2328 opus
2183 2266 2321 2312 esse
2331 2267 2350 2325 ;
2384 2246 2611 2328 paucis

508 2348 576 2411 id
633 2347 898 2429 quidem
955 2346 1128 2410 horis
1183 2366 1371 2426 posse
1425 2346 1594 2423 sciri,
1653 2353 1980 2429 quantum
2037 2347 2265 2412 ceteris
2319 2352 2612 2428 praestet

510 2447 812 2512 Lucretia
863 2467 1001 2512 sua.
1093 2446 1316 2524 ‘Quin,
1370 2444 1425 2510 si
1479 2445 1663 2526 vigor
1712 2446 2022 2510 iuventae
2073 2446 2263 2525 inest,
2308 2466 2613 2511 conscen-

508 2548 725 2612 dimus
757 2567 961 2630 equos
992 2545 1464 2628 invisimusque
1498 2553 1874 2627 praesentes
1908 2553 2281 2611 nostrarum
2313 2546 2612 2627 ingenia?
2647 2589 2651 2593 -

510 2648 588 2711 Id
644 2648 877 2729 cuique
950 2646 1504 2727 spectatissimum
1577 2646 1685 2724 sit,
1763 2645 1939 2728 quod
2015 2637 2414 2727 necopinato'
2479 2647 2604 2711 viri

571 2867 726 2911 LVII.
761 2867 810 2911 1.
843 2867 1107 2912 Ardeamt
1144 2876 1280 2909 some
1320 2868 1510 2917 twenty
1607 2852 1820 2913 attracts
1872 2868 1940 2911 its
1979 2868 2119 2912 voice
2172 2871 2227 2912 to
2279 2868 2346 2912 its
2398 2865 2613 2920 compie-

508 2937 647 2980 miles
685 2935 733 2979 S.
773 2936 826 2978 ot
864 2935 1037 2978 Rome.
1109 2934 1201 2978 ut:
1239 2944 1319 2977 see
1356 2944 1421 2977 on
1464 2934 1508 2988 1.
1607 2937 1836 2987 mentary
1857 2935 1995 2979 infin.

514 3006 585 3048 18.
621 3005 661 3046 1.
722 3002 915 3047 ditarit
946 3003 1040 3044 “to
1068 3001 1234 3044 enrich
1261 3001 1507 3045 himself.”

509 3070 743 3121 Tarquin,
768 3068 1029 3118 according
1054 3072 1108 3113 to
1130 3068 1382 3119 tradition,
1407 3068 1506 3112 had

508 3136 729 3181 lavished
760 3146 939 3187 money
970 3146 1105 3187 upon
1135 3135 1300 3188 public
1330 3136 1504 3185 works‚

507 3205 769 3258 aepecially
792 3203 878 3246 the
903 3202 1176 3255 Capitoline
1200 3202 1383 3255 temple
1406 3204 1505 3246 and

509 3273 595 3316 the
619 3271 794 3315 Cloaca
820 3270 1051 3313 Maxima.
1109 3269 1213 3312 The
1236 3269 1423 3319 Cloaca,
1451 3282 1507 3313 as

507 3352 582 3383 we
615 3340 760 3382 know
796 3339 850 3387 it,
890 3349 920 3380 a
955 3348 1076 3388 very
1111 3337 1306 3380 ancient
1343 3337 1506 3381 closed

507 3416 670 3455 sewer.
701 3408 811 3458 part
839 3405 892 3448 oi
917 3404 1077 3447 which
1102 3405 1144 3447 is
1170 3403 1271 3447 still
1297 3405 1347 3447 in
1375 3416 1508 3449 serv-

506 3474 593 3522 ice.
640 3473 842 3523 belongs
886 3476 941 3515 to
973 3482 1004 3514 a
1034 3471 1159 3515 later
1190 3472 1323 3516 date.
1388 3472 1508 3516 ani-

508 3548 655 3584 mos:
712 3537 999 3582 disaffected
1052 3538 1261 3582 because
1312 3539 1365 3582 of
1420 3540 1507 3584 the

507 3607 667 3657 king’s
699 3606 892 3658 general
926 3609 1144 3658 tyranny
1166 3605 1265 3648 and
1297 3606 1508 3650 because

506 3674 569 3717 he
597 3674 717 3726 kept
755 3673 893 3716 them
929 3677 983 3716 at
1019 3671 1143 3716 hard
1179 3672 1322 3715 labor
1342 3683 1408 3716 on
1430 3673 1508 3717 his

506 3741 682 3784 works.

570 3809 619 3851 ³.
652 3815 857 3859 parum
874 3805 1163 3859 proceni&
1182 3806 1369 3851 “made
1385 3817 1508 3860 poor

507 3873 778 3928 progre88.”
849 3874 1055 3926 coeptu
1093 3872 1226 3926 coepi
1262 3873 1506 3927 regularly

1669 3002 1719 3044 4.
1753 3003 2132 3047 commeatus:
2167 3002 2512 3054 “furioughs.”

1669 3070 1718 3112 ⁸.
1754 3069 1939 3113 otium
1983 3099 1997 3112 .
2040 3098 2055 3113 .
2100 3099 2114 3114 .
2154 3070 2438 3114 terebant:
2476 3070 2610 3114 aiter

1605 3135 1692 3179 the
1718 3136 1931 3188 analogy
1958 3137 2011 3179 oi
2037 3138 2223 3188 tempus
2249 3138 2390 3180 terere
2423 3137 2504 3187 (ct.
2534 3137 2607 3188 9),

1606 3203 1700 3245 “to
1724 3203 1867 3246 while
1890 3213 2033 3254 away
2057 3203 2231 3247 time.''

1668 3271 1717 3313 6.
1750 3270 1925 3321 apud:
1950 3270 2181 3322 military.
2210 3272 2301 3314 “at
2326 3270 2412 3314 the
2435 3274 2607 3320 quart-

1604 3348 1678 3379 ers
1701 3337 1804 3381 oi.''
1863 3336 2194 3383 Collatinus:
2219 3339 2296 3381 i.e.
2322 3338 2374 3381 of
2398 3337 2606 3382 Collatia

1608 3406 1706 3454 (38.
1728 3404 1792 3455 1).
1842 3404 1933 3448 See
1948 3415 2013 3448 on
2030 3406 2106 3448 46.
2125 3406 2170 3448 4.
2221 3406 2378 3448 miris
2397 3405 2607 3451 modist

1603 3474 1780 3525 poetic,
1833 3474 1925 3516 “in
1972 3473 2234 3517 wondrous
2281 3473 2445 3516 wise.’'
2528 3474 2603 3518 Cf.

1606 3541 1724 3583 Aen.
1762 3542 1802 3584 1.
1836 3541 1947 3585 354.

1666 3609 1716 3652 ¹1.
1750 3607 1978 3658 cuique}
2008 3607 2222 3658 brought
2248 3607 2454 3651 iorward
2478 3608 2608 3651 from

1602 3674 1668 3718 its
1722 3674 1920 3717 natural
1977 3675 2192 3726 position
2247 3675 2298 3718 in
2356 3674 2441 3718 the
2483 3675 2610 3725 quod

1602 3741 1780 3790 clause.
1805 3740 1967 3784 where
1987 3741 2082 3784 viri
2115 3772 2128 3785 .
2165 3773 2177 3785 .
2217 3773 2228 3785 .
2264 3741 2413 3784 oculis
2444 3751 2610 3792 repre-

1602 3811 1738 3851 sents
1808 3808 1864 3857 it.
1940 3808 2033 3852 but
2126 3808 2429 3860 emphasizes
2519 3807 2608 3852 the

1602 3875 1856 3918 character
1913 3876 1965 3919 oi
2022 3875 2108 3920 the
2163 3878 2276 3921 test.
2394 3874 2610 3928 spocta-
