2975 4367
467 261 543 316 xi.
581 260 633 325 7]
1343 261 1581 315 LIBER
1616 262 1706 315 1x
1846 329 1854 337 ,
2459 264 2557 319 151

466 462 603 505 rem
627 462 870 504 noxam
893 449 1273 517 nocuerunt,
1300 442 1385 504 ob
1408 463 1555 505 eam
1578 463 1734 519 rem,
1762 464 1892 523 quo
1915 443 2195 523 populus
2220 444 2558 507 Romanus

467 542 700 605 scelere
762 542 961 622 impio
1023 542 1109 604 sit
1169 541 1442 617 solutus,
1508 544 1698 605 hosce
1762 543 2054 606 homines
2096 544 2282 606 vobis
2344 543 2555 626 dedo..5

373 657 435 701 10
468 643 647 704 Haec
666 641 909 704 dicenti
936 641 1140 704 fetiali
1169 642 1545 704 Postumius
1573 663 1741 720 genu
1770 638 1981 706 femur
2002 651 2254 723 quanta
2276 643 2559 706 maxime

468 747 729 822 poterat
767 741 833 801 vi
869 740 1163 821 perculit,
1201 747 1271 803 et
1308 740 1481 804 clara
1517 761 1676 804 voce
1714 742 1807 805 ait
1843 763 1911 805 se
1949 743 2312 806 Samnitem
2350 743 2559 807 civem

467 862 623 916 esse,
682 840 860 902 illum
920 838 1210 920 legatum
1264 840 1552 903 fetialem
1610 863 1648 904 a
1702 862 1771 905 se
1828 849 2058 905 contra
2110 843 2210 905 ius
2266 843 2559 922 gentium

408 958 432 999 1
473 941 789 1004 violatum
801 961 817 1017 ;
897 961 974 1003 eo
1015 940 1247 1003 iustius
1289 940 1532 1003 bellum
1573 948 1867 1020 gesturos
1976 942 2097 1005 XI.
2180 943 2350 1004 Tum
2393 944 2561 1005 Pon-

470 1042 627 1104 tius:
711 1043 857 1104 ‘nec
899 1062 1018 1120 ego
1060 1040 1257 1103 istam
1298 1040 1698 1108 deditionem
1741 1041 2086 1122 accipiam'
2130 1043 2364 1122 inquit,
2412 1043 2559 1106 ‘nec

406 1157 438 1200 2
470 1142 795 1205 Samnites
841 1146 1056 1203 ratam
1103 1140 1460 1203 habebunt.
1554 1140 1727 1216 Quin
1773 1147 1868 1218 tu,
1920 1142 2110 1222 Spuri
2156 1142 2474 1218 Postumi,
2507 1143 2560 1206 si

470 1240 624 1304 deos
664 1261 801 1303 esse
844 1261 1083 1317 censeS,
1129 1247 1252 1315 aut
1288 1240 1510 1303 omnia
1550 1241 1748 1303 inrita
1788 1241 1948 1304 facis
1992 1248 2108 1304 aut
2150 1248 2345 1322 pacto
2387 1245 2562 1305 stas?

472 1339 749 1404 Samniti
804 1340 1047 1420 populo
1102 1360 1347 1417 omneS‚
1406 1361 1570 1420 quos
1625 1341 1693 1403 in
1747 1347 2078 1421 potestate
2135 1342 2386 1418 habuit,
2446 1348 2562 1405 aut

406 1455 438 1498 3
470 1461 588 1520 pro
639 1439 715 1502 iis
765 1460 898 1520 pax
949 1440 1242 1503 debetur,
1340 1439 1464 1504 Sed
1519 1441 1676 1521 quid
1727 1461 1845 1519 ego
1898 1448 1964 1504 te
2017 1441 2292 1521 appello,
2334 1440 2445 1521 qui
2496 1448 2563 1504 te

473 1546 741 1620 captum
777 1540 1008 1602 victori
1053 1560 1203 1602 cum
1248 1561 1380 1620 qua
1422 1547 1610 1620 potes
1655 1541 1781 1603 fide
1826 1541 2152 1604 restituis?
2240 1540 2563 1621 Populum

474 1641 848 1702 Romanum
891 1640 1165 1720 appello,
1211 1661 1407 1720 quem
1447 1640 1503 1702 si
1543 1641 1906 1719 sponsionis
1949 1640 2032 1703 ad
2075 1640 2359 1703 furculas
2401 1641 2566 1703 Cau-

472 1739 658 1802 dinas
717 1739 930 1802 factae
988 1740 1302 1820 paenitet,
1364 1740 1671 1802 restituat
1731 1740 2010 1819 legiones
2067 1738 2243 1803 intra
2299 1740 2563 1817 saltum,

408 1856 439 1898 4
473 1860 603 1919 quo
631 1845 895 1919 saeptae
923 1840 1205 1902 fuerunt.
1288 1839 1496 1902 Nemo
1532 1860 1930 1920 quemquam
1964 1840 2310 1921 deceperit,
2347 1840 2569 1903 omnia

473 1961 590 2019 pro
648 1939 889 2002 infecto
946 1940 1098 2015 sint,
1160 1940 1474 2020 recipiant
1535 1960 1736 2017 arma,
1798 1961 1966 2020 quae
2022 1961 2139 2021 per
2194 1941 2566 2021 pactionem

474 2039 906 2115 tradiderunt,
982 2040 1251 2102 redeant
1323 2039 1392 2101 in
1466 2046 1680 2102 castra
1751 2061 1890 2117 sua,
1968 2040 2287 2121 quidquid
2364 2041 2567 2121 pridie

476 2139 865 2216 habuerunt,
923 2159 1122 2220 quam
1176 2139 1245 2201 in
1299 2139 1692 2219 colloquium
1745 2146 1845 2202 est
1902 2147 2195 2217 ventum,
2253 2140 2540 2203 habeant
2551 2161 2567 2218 3

476 2244 620 2301 tum
669 2238 908 2300 bellum
955 2246 1023 2301 et
1071 2239 1268 2302 fortia
1315 2240 1581 2302 consilia
1626 2239 1949 2319 placeant,
2000 2245 2144 2303 tum
2192 2240 2454 2320 sponsio
2501 2247 2568 2303 et

411 2358 441 2400 5
475 2358 607 2418 pax
657 2338 1052 2417 repudietur.
1152 2341 1249 2401 Ea
1298 2339 1582 2416 fortuna,
1635 2338 1712 2402 iis
1763 2339 1936 2416 locis,
1968 2360 2136 2420 quae
2189 2346 2341 2402 ante
2393 2341 2567 2419 pacis

477 2439 874 2501 mentionem
948 2439 1315 2515 habuimus,
1391 2459 1689 2518 geramus
1762 2439 2024 2516 bellum,
2101 2460 2217 2502 nec
2291 2440 2570 2519 populus

478 2538 815 2601 Romanus
873 2539 1211 2602 consulum
1267 2539 1682 2618 sponsionem
1741 2559 1857 2602 nec
1916 2560 2034 2602 nos
2093 2539 2290 2602 fidem
2348 2540 2570 2620 populi

411 2657 444 2700 c
478 2638 760 2701 Romani
800 2659 1194 2701 accusemus.
1281 2638 1745 2719 Numquamne
1785 2660 1982 2702 causa
2019 2639 2236 2716 defiet,
2268 2660 2384 2702 cur
2415 2639 2571 2702 victi

23 2764 24 2805 1
477 2746 671 2818 pacto
730 2760 862 2801 non
918 2739 1142 2801 stetis?
1256 2739 1530 2802 Obsides
1590 2739 1943 2802 Porsinnae
2001 2739 2298 2802 dedistis:
2395 2740 2572 2802 furto

412 2858 442 2901 7
476 2858 585 2901 eos
654 2839 1060 2901 subduxistis
1071 2860 1086 2915 ;
1160 2859 1318 2901 auro
1390 2839 1728 2902 civitatem
1801 2861 1840 2902 a
1912 2840 2112 2903 Gallis
2183 2839 2572 2902 redemistis:

479 2939 648 3001 inter
702 2939 1150 3017 accipiendum
1206 2959 1435 3001 aurum
1493 2940 1659 3002 caesi
1712 2947 1867 3002 sunt
1879 2961 1895 3017 ;
1950 2959 2181 3020 pacem
2235 2939 2570 3002 nobiscum

478 3038 831 3118 pepigistiS‚
878 3045 953 3101 ut
999 3038 1277 3117 legiones
1322 3038 1508 3101 vobis
1553 3046 1780 3119 captas
1824 3040 2342 3103 restitueremus:
2427 3058 2572 3101 cam

479 3260 671 3302 archaic
705 3270 837 3303 nom.
874 3259 999 3311 plur.
1068 3242 1276 3302 noxam
1310 3268 1478 3303 noeu-
1640 3258 1732 3302 XI.
1767 3261 1817 3303 8.
1852 3260 2129 3310 paenitet:
2163 3271 2243 3303 see
2275 3270 2341 3302 on
2374 3259 2580 3303 taedebat

479 3326 670 3370 erunt:
727 3327 809 3369 old
867 3327 1092 3375 formula,
1151 3326 1272 3369 with
1326 3327 1479 3378 tio-ara
1582 3328 1645 3376 (7.
1682 3328 1777 3378 14).

480 3394 793 3444 etvmoloqica.
1639 3393 1688 3435 4.
1725 3394 2025 3445 deceperit:
2077 3405 2157 3438 see
2206 3405 2272 3436 on
2321 3393 2479 3444 ruerit.
2538 3394 2579 3435 1.

544 3461 622 3503 10.
658 3461 867 3505 (11001111
903 3461 1109 3505 fetiali:
1146 3461 1250 3505 dat.
1287 3462 1339 3503 or
1372 3460 1478 3511 ref..
1579 3462 1653 3504 23.
1698 3463 1744 3504 8.
1820 3468 1920 3512 pro
1962 3462 2198 3505 intecto:
2243 3461 2339 3503 “as
2379 3461 2419 3504 11
2461 3459 2582 3511 they

481 3528 763 3577 equivalent
812 3532 866 3571 to
913 3540 942 3571 3
990 3540 1096 3579 gen.
1145 3528 1266 3571 wlth
1310 3529 1478 3579 femur.
1578 3527 1677 3571 had
1702 3531 1789 3571 not
1816 3529 1968 3572 taken
1992 3529 2181 3581 place.’'

482 3596 571 3639 See
590 3606 655 3638 on
681 3598 721 3639 1.
746 3597 791 3640 9.
820 3598 893 3639 14.
951 3596 1264 3641 samnitem
1278 3596 1477 3645 civem.
1644 3597 1692 3638 6.
1727 3596 1919 3640 defiet:
1948 3614 1991 3629 =
2017 3597 2211 3648 deficiet.
2543 3605 2551 3613 ·

482 3666 595 3706 etc.:
632 3663 731 3706 this
764 3663 888 3714 legal
921 3664 1090 3706 fiction
1123 3664 1164 3706 is
1197 3673 1252 3705 as
1285 3663 1481 3705 farcical
1644 3665 1693 3705 7.
1726 3663 1899 3707 inter:
1931 3664 2194 3716 tempora1;
2224 3663 2343 3715 only
2372 3663 2425 3706 in
2458 3662 2585 3714 Livy

481 3741 536 3773 as
584 3731 794 3775 Portia's
841 3731 1119 3783 injunction
1166 3735 1220 3774 to
1268 3731 1481 3782 Shylock
1579 3730 1701 3773 with
1766 3730 1852 3773 the
1916 3730 2184 3781 gerundive
2247 3730 2300 3773 in
2365 3727 2585 3773 classicel

481 3801 570 3841 not
602 3801 655 3841 to
685 3798 804 3841 shed
838 3799 971 3841 “one
1001 3797 1125 3849 drop
1155 3798 1207 3839 ot
1237 3798 1481 3841 Christian
1582 3797 1744 3842 Latin.
1805 3797 1883 3841 On
1908 3797 1994 3841 the
2019 3800 2114 3847 301,
2143 3797 2206 3841 cf.
2231 3797 2278 3841 5.
2305 3798 2382 3841 49.
2415 3801 2456 3841 1.

481 3864 681 3908 blood.'’
740 3865 1019 3916 gesturos:
1046 3875 1111 3907 sc.
1141 3864 1394 3908 Romanos.
