2975 4367
41 1088 50 1125 --
35 956 54 1035 4,-
51 788 60 851 -“
55 738 60 749 “
43 358 52 367 -
35 166 66 311 Ν--Α-ῌ-ῚΑ
35 6 66 123 .-Ui

388 284 489 340 150
1301 278 1365 338 T.
1403 278 1564 335 LIVI
2331 279 2408 348 [x.
2449 284 2477 338 1

323 480 345 520 1
510 467 595 529 X.
646 466 853 528 Movit
897 471 1119 544 patres
1161 464 1560 543 conscriptos
1605 484 1753 526 cum
1799 485 1995 528 causa
2038 470 2182 527 tum
2229 471 2474 544 auctor,

386 587 502 630 nec
553 573 799 629 ceteros
847 565 1077 640 solum,
1128 563 1241 626 sed
1292 564 1589 627 tribunos
1637 565 1839 626 etiam
1889 565 2117 643 plebei,
2170 574 2246 629 ut
2294 587 2362 629 se
2409 568 2478 629 in

321 681 352 722 2
384 672 650 730 senatus
721 665 1008 728 dicerent
1081 664 1218 727 fore
1288 670 1638 743 potestate.
1731 665 2117 743 Magistratu
2190 666 2340 729 inde
2409 687 2478 731 se

385 766 715 846 extemplo
758 765 1248 840 abdicaverunt,
1292 764 1651 844 traditique
1690 763 2019 828 fetialibus
2060 787 2208 829 cum
2252 768 2479 830 ceteris

385 867 705 930 Caudium
733 865 1031 928 ducendi.
1103 865 1246 926 Hoc
1282 870 1549 927 senatus
1587 864 1882 927 consulto
1920 865 2096 929 facto
2133 867 2248 928 lux
2283 888 2479 948 quae-

322 982 353 1024 3
384 967 540 1030 dam
581 966 919 1029 adfulsisse
960 965 1216 1027 civitati
1258 965 1398 1027 visa
1435 969 1555 1026 est.
1642 965 2018 1028 Postumius
2058 966 2126 1028 in
2165 987 2274 1029 ore
2313 974 2476 1044 erat,
2529 967 2534 976 '

384 1087 534 1129 eum
591 1066 891 1129 laudibus
949 1065 1032 1128 ad
1089 1064 1338 1127 caelum
1396 1064 1714 1140 ferebant,
1773 1065 2107 1128 devotioni
2165 1067 2235 1128 P.
2297 1068 2479 1130 Decii

321 1182 351 1223 4
387 1166 683 1242 consulis,
745 1165 881 1229 aliis
939 1165 1125 1227 claris
1180 1164 1575 1227 facinoribus
1632 1165 2033 1245 aequabant:
2145 1168 2477 1230 emersisse

386 1267 725 1331 civitatem
760 1286 844 1328 ex
878 1264 1164 1328 obnoxia
1199 1284 1358 1344 pace
1396 1254 1865 1328 illius'consilio
1901 1271 1969 1328 et
2005 1286 2228 1346 opera;
2264 1266 2480 1347 ipsum

384 1387 452 1430 se
512 1366 907 1430 cruciatibus
965 1371 1032 1427 et
1092 1364 1379 1426 hostium
1439 1363 1572 1426 irae
1631 1365 1859 1427 offerre
1917 1365 2304 1446 piaculaque
2362 1388 2480 1447 pro

320 1485 350 1526 5
383 1467 627 1548 populo
671 1467 971 1528 Romano
1012 1464 1185 1527 dare.
1260 1465 1458 1526 Arma
1500 1464 1718 1527 cuncti
1759 1471 2062 1545 spectant
2102 1472 2170 1529 et
2211 1466 2480 1529 bellum:

383 1588 466 1630 en
505 1587 822 1646 umquam
862 1565 1179 1639 futurum,
1224 1570 1299 1626 ut
1341 1563 1643 1642 congredi
1687 1566 1955 1627 armatis
1996 1586 2146 1629 cum
2187 1567 2481 1629 Samnite

386 1667 613 1730 liceat?

319 1786 350 1829 6
512 1767 592 1828 In
621 1766 891 1829 civitate
919 1765 1016 1828 ira
1043 1764 1323 1844 odioque
1355 1764 1624 1827 ardente
1653 1765 1928 1828 dilectus
1956 1787 2158 1847 prope
2187 1767 2481 1830 omnium

387 1867 904 1930 voluntariorum
947 1865 1091 1927 fuit.
1191 1865 1571 1943 Rescriptae
1623 1886 1705 1927 ex
1755 1865 1983 1928 eodem
2030 1866 2234 1929 milite
2270 1887 2481 1929 novae

321 1989 350 2030 7
386 1967 682 2046 legioneS‚
741 1966 1108 2045 ductusque
1166 1963 1248 2026 ad
1306 1964 1626 2026 Caudium
1675 1966 2016 2028 exercitus,
2120 1966 2481 2045 Praegressi

387 2066 637 2130 fetiales
699 2065 813 2127 ubi
879 2065 962 2128 ad
1025 2069 1286 2145 portam
1352 2084 1604 2140 venere,
1671 2072 1922 2128 vestem
1985 2066 2242 2129 detrahi
2304 2066 2483 2147 pacis

387 2165 806 2247 sponsoribus
862 2165 1110 2240 iubent,
1174 2185 1405 2226 manus
1461 2171 1612 2244 post
1670 2170 1925 2244 tergum
1969 2167 2215 2229 vinciri.
2318 2168 2482 2229 Cum

389 2266 721 2347 apparitor
776 2264 1166 2328 verecundia
1218 2265 1581 2326 maiestatis
1634 2265 1931 2327 Postumi
1984 2266 2128 2329 laxe
2182 2266 2481 2329 vinciret:

387 2367 576 2447 ‘quin
620 2366 723 2427 tu'
771 2365 985 2446 inquit
1032 2364 1333 2427 ‘adducis
1379 2364 1609 2441 lorum,
1660 2372 1734 2427 ut
1779 2351 1955 2428 iusta
1999 2367 2115 2429 fiat
2160 2366 2474 2429 deditio?

320 2489 351 2530 8
384 2469 553 2529 Tum
603 2466 715 2528 ubi
765 2465 833 2527 in
882 2472 1141 2528 coetum
1180 2464 1575 2527 Samnitium
1625 2471 1692 2527 et
1743 2464 1825 2528 ad
1878 2466 2164 2528 tribunal
2206 2473 2480 2529 ventum

386 2566 603 2630 Pontii
648 2573 768 2641 est,
821 2567 895 2627 A.
948 2564 1279 2628 Cornelius
1328 2564 1576 2626 Arvina
1622 2564 1860 2628 fetialis
1908 2566 2003 2629 ita
2050 2567 2252 2629 verba
2296 2566 2480 2629 fecit:

320 2690 351 2732 9
387 2667 811 2747 ‘quandoque
856 2665 1028 2728 hisce
1072 2664 1365 2727 homines
1407 2664 1658 2726 iniussu
1701 2666 1925 2745 popuii
1971 2666 2254 2729 Romani
2297 2667 2486 2743 Quir-

387 2767 579 2830 itium
649 2767 877 2829 foedus
943 2766 1149 2829 ictum
1217 2764 1294 2826 iri
1360 2765 1854 2844 spoponderunt
1922 2773 2121 2846 atque
2187 2766 2273 2829 ob
2338 2787 2486 2830 eam

458 2956 532 3010 X.
610 2955 719 3007 The
753 2956 989 3007 tribunes
1024 2955 1080 3020 os
1114 2953 1197 3005 the
1232 2952 1388 3006 Com-
1492 2954 1532 2995 1.
1563 2954 1639 2996 59.
1671 2956 1716 2996 4.

386 3040 555 3088 mons,
581 3022 881 3074 themselves
903 3038 1097 3086 amony
1118 3020 1201 3072 the
1222 3037 1389 3086 spon·
1549 3022 1599 3062 2.
1633 3021 2063 3066 abdicaverunt:
2123 3023 2208 3066 the
2267 3023 2491 3067 tribunes

386 3108 534 3142 sores
583 3090 693 3141 and
739 3088 1059 3166 apparently
1106 3087 1291 3138 elected
1338 3093 1388 3138 to

387 3157 469 3209 the
496 3155 831 3222 tribuneship
859 3156 1028 3220 before
1055 3171 1197 3206 news
1225 3155 1280 3220 of
1307 3153 1391 3205 the

387 3224 613 3276 disaster
658 3222 764 3273 had
809 3221 1027 3273 reached
1073 3221 1254 3285 Rome,
1304 3221 1390 3272 ob-

387 3291 548 3356 jected
588 3296 638 3341 to
678 3289 966 3353 annulliny
1005 3288 1087 3340 the
1128 3294 1248 3354 pact
1287 3304 1390 3339 un-

389 3357 490 3408 less
521 3356 604 3408 the
635 3373 790 3422 army
821 3356 1009 3407 should
1042 3356 1100 3406 be
1131 3361 1228 3422 put
1262 3354 1390 3406 back

388 3424 452 3476 in
504 3423 587 3475 the
639 3424 874 3490 position
926 3422 1131 3474 whence
1184 3423 1226 3474 it
1280 3438 1390 3472 was

388 3492 602 3542 rescued
655 3491 722 3556 by
774 3490 856 3542 the
908 3490 1148 3556 sponsi0.
1246 3489 1391 3554 They

390 3558 614 3610 claimed
645 3556 893 3624 personal
924 3573 1069 3608 exem
1109 3557 1223 3607 tion
1252 3557 1391 3622 from

391 3625 671 3676 surrender
705 3624 921 3675 because
954 3624 1009 3689 os
1042 3629 1061 3675 t
1140 3623 1177 3672 ‘r
1210 3622 1392 3674 sacred

391 3692 655 3743 character
685 3691 751 3757 by
781 3690 951 3742 virtue
981 3690 1036 3755 of
1066 3689 1201 3741 their
1231 3690 1388 3756 office.

392 3758 705 3810 Postumius
763 3757 996 3808 renewed
1054 3755 1140 3808 his
1197 3757 1392 3821 uryiny

392 3823 518 3876 with
545 3825 674 3889 qood
703 3823 865 3897 effect.

457 3906 505 3947 1.
538 3904 743 3950 Movit:
779 3914 841 3945 on
866 3904 950 3946 the
973 3904 1200 3955 position.
1227 3915 1306 3947 see
1326 3914 1391 3946 on

1487 3098 1613 3130 were
1640 3088 1759 3130 then
1786 3092 1874 3131 not
1902 3091 2188 3133 sacrosancti
2220 3092 2283 3140 (2.
2313 3093 2387 3134 33.
2422 3092 2487 3143 1).

1488 3155 1587 3197 and
1618 3155 1861 3198 therefore
1888 3156 2032 3199 could
2063 3158 2125 3200 be
2153 3159 2489 3204 surrendered.

1551 3224 1601 3266 3.
1634 3223 1697 3265 in
1744 3231 1858 3266 ore:
1905 3234 1970 3266 sc,
2018 3226 2248 3268 omnium.
2328 3227 2492 3270 devo·

1489 3291 1650 3340 tium,
1688 3291 2057 3335 facinoribus:
2101 3293 2372 3336 shorthand
2407 3307 2491 3338 ex-

1488 3361 1732 3411 pressions
1758 3358 2101 3410 (brachylogy)
2124 3361 2198 3402 tor
2219 3361 2360 3404 those
2378 3362 2492 3404 who

1488 3428 1587 3470 had
1615 3427 1742 3469 done
1768 3427 1905 3469 these
1931 3427 2112 3478 things

1553 3498 1602 3540 5.
1635 3496 1926 3540 futurum:
1976 3505 2043 3539 sc.
2093 3506 2205 3540 esse.
2288 3496 2377 3540 See
2424 3506 2493 3540 on

1489 3568 1534 3609 3.
1566 3569 1642 3610 47.
1676 3568 1719 3608 2.

1555 3636 1603 3678 6.
1637 3633 1979 3684 Rosci-intas:
2007 3631 2387 3676 “re-enrolled.”

1554 3705 1603 3745 ’1.
1638 3703 1779 3754 quin
1813 3731 1826 3744 .
1863 3731 1875 3745 .
1911 3731 1924 3744 .
1955 3701 2210 3744 adducis:
2241 3700 2495 3752 emphatic

1492 3769 1566 3812 for
1595 3770 1762 3812 adduc.

1553 3838 1603 3879 ⁹.
1638 3837 2001 3888 quandoque:
2028 3836 2220 3879 archaic
2245 3836 2320 3878 for
2344 3846 2496 3887 quan»

1489 3904 1550 3947 do
1578 3903 1780 3953 quidem.
1842 3902 1932 3946 See
1953 3913 2017 3945 on
2046 3904 2086 3947 i.
2115 3904 2185 3946 16.
2211 3904 2254 3946 3.
2318 3902 2495 3948 hisco:
