2975 4367
419 211 531 262 xxi.
577 211 626 278 i]
1308 211 1545 264 LIBER
1582 210 1612 263 1
2443 212 2511 265 47

354 400 385 442 4
419 390 578 453 biles
651 413 725 455 ac
798 400 1059 456 sanctas
1131 391 1302 455 fecit.
1393 392 1600 456 Salios
1669 391 1829 455 item
1900 391 2244 454 duodecim
2317 391 2513 455 Marti

421 492 708 556 Gradivo
760 493 932 572 legit,
984 492 1371 574 tunicaeque
1419 493 1635 571 pictae
1682 492 1929 572 insigne
1975 491 2159 555 dedit
2205 498 2274 555 et
2321 510 2513 569 super

421 593 712 655 tunicam
783 612 1054 655 aeneum
1122 592 1368 671 pectori
1435 598 1744 672 tegumen
1811 591 2241 673 caelestiaque
2309 612 2509 665 arma,

421 712 588 774 quae
624 692 858 756 ancilia
893 692 1324 772 appellantur,
1361 692 1525 753 ferre
1562 712 1635 755 ac
1671 712 1787 771 per
1819 693 2046 754 urbem
2081 693 2172 754 ire
2208 699 2513 754 canentes

356 805 385 846 5
422 792 709 856 carmina
747 812 896 855 cum
933 791 1235 872 tripudiis
1269 791 1693 873 sollemnique
1730 792 1973 855 saltatu
2002 792 2209 854 iussit.
2291 792 2514 853 Ponti-

423 894 607 954 ficem
655 892 889 955 deinde
939 894 1225 955 Numam
1275 893 1610 968 Marcium,
1663 893 1861 954 Marci
1910 892 2134 968 filium,
2183 911 2267 954 ex
2313 891 2515 971 patri-

423 993 544 1054 bus
613 993 787 1072 legit,
859 993 1046 1073 eique
1115 1012 1297 1055 sacra
1364 992 1585 1055 omnia
1652 992 1979 1070 exscripta
2045 992 2513 1071 exsignataque

423 1093 747 1169 attribuit,
792 1093 1029 1175 quibus
1069 1092 1316 1168 hostiiS‚
1361 1092 1599 1172 quibus
1638 1092 1886 1168 diebus,
1930 1091 2013 1155 ad
2056 1111 2224 1172 quae
2265 1090 2514 1170 templa

422 1211 605 1256 sacra
679 1194 928 1269 fierent,
1007 1200 1207 1274 atque
1281 1192 1456 1255 unde
1532 1191 1600 1254 in
1674 1210 1785 1254 eos
1858 1200 2163 1270 sumptus
2238 1190 2514 1270 pecunia

356 1304 387 1345 6
420 1300 810 1373 erogaretur.
900 1295 1128 1357 Cetera
1195 1313 1455 1373 quoque
1522 1290 1742 1355 omnia
1808 1292 2069 1371 publica
2124 1290 2514 1372 privataque

423 1412 605 1456 sacra
652 1393 980 1472 pontificis
1027 1393 1205 1456 scitis
1251 1393 1547 1469 subiecit,
1597 1398 1675 1455 ut
1722 1398 1910 1469 esset,
1963 1412 2093 1472 quo
2143 1391 2512 1454 consultum

360 1605 388 1648 7
423 1593 587 1657 ritus
656 1593 1153 1675 peregrinosque
1224 1592 1641 1656 adsciscendo
1712 1592 2089 1655 turbaretur
2098 1613 2114 1669 ;
2186 1611 2303 1654 nec
2375 1611 2516 1653 cae-

425 1693 614 1756 lestes
684 1693 877 1756 modo
949 1693 1390 1768 caerimoniaS,
1461 1692 1576 1753 sed
1644 1692 1818 1756 iusta
1887 1712 2147 1773 quoque
2178 1736 2185 1742 -
2217 1690 2514 1754 funebria

423 1792 905 1874 placandosque
941 1813 1165 1857 manes
1199 1799 1278 1857 ut
1314 1793 1487 1856 idem
1525 1792 1823 1872 pontifex
1857 1792 2175 1867 edoceret,
2216 1811 2514 1872 quaeque

424 1892 716 1973 prodigia
758 1892 1140 1955 fulminibus
1181 1893 1390 1956 aliove
1435 1914 1565 1973 quo
1610 1893 1752 1955 visu
1800 1893 1995 1955 missa
2037 1892 2516 1970 susciperentur

425 1999 622 2074 atque
660 2001 1058 2057 curarentur.
1148 1992 1250 2055 Ad
1296 2013 1375 2056 ea
1420 1991 1734 2055 elicienda
1779 2012 1862 2054 ex
1909 1992 2239 2055 mentibus
2276 1990 2515 2053 divinis

427 2092 568 2156 Iovi
622 2092 823 2156 Elicio
876 2113 1057 2157 aram
1109 2092 1177 2155 in
1230 2094 1557 2156 Aventino
1610 2092 1856 2155 dicavit
1907 2092 2234 2172 deumque
2286 2111 2516 2154 consu-

424 2192 544 2255 luit
582 2193 883 2273 auguriis‚
924 2213 1092 2274 quae
1129 2193 1539 2272 suscipienda
1574 2200 1809 2256 essent.

359 2304 383 2345 1
545 2293 735 2356 XXI.
785 2293 886 2355 Ad
957 2294 1114 2356 haec
1185 2292 1616 2356 consultanda
1679 2292 2216 2373 procurandaque
2296 2292 2514 2355 multi-

422 2392 648 2456 tudine
696 2393 875 2456 omni
926 2415 965 2456 a
1014 2393 1080 2454 vi
1128 2399 1196 2456 et
1246 2393 1441 2456 armis
1492 2412 1820 2469 conversa,
1872 2400 1940 2456 et
2005 2393 2203 2456 animi
2268 2392 2512 2473 aliquid

422 2492 671 2572 agendo
706 2492 1011 2571 occupati
1044 2499 1251 2570 erant,
1289 2499 1357 2556 et
1393 2493 1663 2556 deorum
1706 2493 1980 2557 adsidua
2015 2492 2301 2555 insidens
2336 2512 2510 2568 cura,

422 2613 569 2655 cum
596 2593 903 2657 interesse
930 2593 1123 2655 rebus
1148 2593 1451 2656 humanis
1479 2593 1753 2656 caeleste
1788 2613 2031 2655 numen
2059 2593 2406 2668 videretur,
2436 2612 2513 2655 ea

419 2693 665 2772 pietate
704 2693 998 2758 omnium
1037 2700 1301 2772 pectora
1340 2692 1687 2768 imbuerat,
1728 2700 1805 2756 ut
1845 2693 2005 2754 fides
2046 2714 2118 2756 ac
2159 2693 2259 2754 ius
2296 2693 2514 2755 iuran-

480 2865 529 2907 4.
565 2861 758 2907 sanos:
794 2865 868 2907 for
900 2861 985 2907 the
1009 2865 1237 2912 meaning
1258 2864 1309 2906 of
1331 2864 1416 2907 the

418 2939 575 2978 name,
615 2930 677 2973 cf.
712 2930 887 2972 saltatu
931 2930 1101 2973 below.
1162 2930 1414 2973 tunicae:

417 3006 587 3047 appoS.
612 3000 666 3039 to
687 2996 891 3047 imane.
958 2997 1186 3040 ancilia:
1217 2997 1414 3040 accord-

417 3062 501 3112 ing
530 3066 583 3105 to
614 3062 853 3106 tradition
875 3075 905 3105 a
927 3064 1096 3107 sacred
1132 3064 1285 3107 shield
1314 3064 1412 3107 had

417 3129 563 3172 fallen
592 3130 717 3172 from
739 3130 944 3180 heaven,
966 3131 1163 3174 atoken
1177 3133 1229 3173 of
1252 3143 1413 3183 power

416 3197 492 3242 for
528 3197 684 3239 Rome
723 3197 866 3240 while
914 3198 964 3240 in
1004 3198 1090 3241 her
1124 3199 1411 3250 possession.

418 3263 580 3306 Numa
594 3264 836 3315 shrewdly
845 3264 942 3306 had
954 3265 1122 3308 eleven
1138 3265 1413 3317 duplicates

415 3331 560 3374 made
598 3335 652 3374 to
689 3331 848 3376 lessen
887 3332 972 3374 the
1011 3332 1220 3374 chauces
1259 3333 1310 3374 of
1349 3334 1413 3375 its

416 3399 560 3449 being
584 3399 696 3441 lost.
761 3399 1051 3442 canentes:
1085 3399 1412 3450 “chanting.''

415 3466 569 3509 These
615 3466 815 3509 Saliaric
861 3466 1054 3517 hymns‚
1105 3477 1240 3509 some
1287 3468 1414 3517 frag-

413 3536 576 3576 ments
625 3534 677 3576 of
726 3533 885 3575 which
937 3543 1020 3575 are
1068 3532 1169 3575 still
1220 3536 1410 3584 extant,

414 3611 537 3644 were
561 3604 648 3644 not
675 3600 975 3644 understood
1001 3611 1126 3643 even
1150 3600 1218 3651 by
1246 3600 1414 3651 Livy’s

412 3669 839 3720 contemporaries.

476 3737 525 3778 6.
535 3734 809 3786 exscripta
820 3735 1220 3786 exsignataque
1232 3743 1245 3778 ε
1259 3734 1412 3786 “duly

413 3801 583 3855 copied
638 3801 737 3845 and
792 3801 1006 3846 sealed.”
1062 3802 1164 3846 The
1196 3804 1410 3852 greatest

1517 2872 1755 2913 accuracy
1791 2872 1891 2904 was
1926 2871 2182 2913 necessary
2216 2862 2268 2903 in
2304 2861 2390 2905 the
2431 2861 2515 2905 de-

1516 2931 1629 2972 tails
1680 2932 1731 2972 of
1780 2941 1811 2971 a
1863 2930 2037 2973 formal
2101 2930 2328 2981 worship,
2400 2930 2511 2972 that

1514 2997 1576 3039 he
1618 2997 1775 3047 might
1818 2997 1978 3047 know,
2030 3008 2072 3040 e.
2103 3008 2164 3047 g..
2217 2996 2338 3039 with
2377 2997 2512 3040 what

1514 3066 1723 3113 victims,
1760 3068 1853 3107 ete.

1578 3133 1626 3174 6.
1660 3139 1796 3182 quo:
1827 3149 1868 3164 =
1895 3132 1953 3181 is,
2017 3132 2082 3174 ad
2141 3141 2292 3183 quem.

1513 3198 1757 3242 nultum:
1791 3200 1978 3250 supine.

1576 3268 1625 3309 ’1.
1659 3265 1838 3309 aliove
1873 3295 1886 3308 .
1921 3295 1933 3308 .
1968 3295 1982 3309 .
2011 3267 2162 3309 visu:
2193 3266 2287 3308 “or
2314 3266 2383 3317 by
2413 3277 2510 3318 any

1513 3334 1654 3376 other
1685 3333 2105 3375 manifestation.”

1576 3400 1721 3443 XXI.
1759 3400 1805 3442 1.
1840 3400 2074 3443 adsidua
2089 3400 2337 3444 insidens
2353 3409 2511 3444 cura:

1515 3468 1800 3517 “constant,
1843 3468 1907 3509 all
1948 3468 2211 3518 absorbing
2248 3468 2510 3520 worship.''

1514 3534 1649 3592 fides
1696 3542 1760 3577 ac
1805 3535 1894 3578 ius
1940 3534 2272 3579 iurandum:
2319 3545 2348 3577 a
2394 3535 2509 3586 high

1514 3613 1651 3644 sense
1693 3603 1745 3644 of
1787 3602 1956 3651 honor,
2002 3612 2115 3644 seen
2158 3602 2418 3654 especially
2460 3604 2509 3645 in

1514 3669 1641 3711 their
1669 3668 1840 3718 regard
1873 3670 1947 3710 for
1977 3669 2104 3712 their
2132 3669 2292 3712 oaths.
2355 3678 2511 3720 prox-

1511 3735 1630 3777 imo
1671 3763 1685 3777 .
1728 3764 1741 3776 .
1785 3763 1797 3777 .
1838 3734 2022 3778 metu:
2060 3735 2156 3777 abl.
2198 3736 2301 3778 abS.
2373 3736 2510 3787 They

1512 3812 1638 3846 were
1658 3801 1793 3844 ruled
1818 3802 1886 3854 by
1911 3802 2121 3845 motives
2144 3803 2196 3844 of
2219 3803 2362 3852 right,
2390 3802 2511 3845 with

2385 3140 2514 3175 con-
