2975 4367
399 259 573 313 xlviii.
614 260 667 323 6]

1303 260 1541 313 LIBER
1576 261 1604 313 I
2429 270 2499 322 63

523 440 834 502 XLVIII.
885 440 1055 501 Huic
1121 440 1399 504 orationi
1481 441 1742 506 Servius
1807 463 1956 505 cum
2035 443 2494 511 intervenisset

398 540 654 620 trepido
696 539 928 603 nuntio
989 540 1335 617 excitatus,
1399 542 1730 621 extemplo
1793 564 1831 605 a
1893 544 2218 608 vestibulo
2282 546 2495 609 curiae

399 661 637 719 magna
669 659 829 702 voce
864 640 1052 721 ‘quid
1087 640 1237 702 hoc'
1273 640 1509 721 inquit,
1548 642 1909 723 ‘Tarquini‚
1946 643 2037 705 rei
2070 647 2209 707 est?
2253 665 2386 725 qua
2418 652 2493 709 tu

399 740 673 803 audacia
728 759 832 802 me
890 740 1043 803 vivo
1102 759 1333 802 vocare
1391 759 1587 804 ausus
1642 760 1710 805 es
1766 748 1986 821 patres
2045 750 2163 806 aut
2219 743 2288 806 in
2342 745 2493 809 sede

332 853 365 895 2
397 840 726 904 considere
767 840 979 906 mea?’

1075 841 1240 903 Cum
1291 840 1394 902 ille
1447 839 1747 904 ferociter
1798 841 1880 904 ad
1935 844 2114 920 haec,
2167 862 2236 908 se
2288 844 2496 924 patris

398 940 496 1001 sui
544 945 765 1003 tenere
812 940 1051 1017 sedem,
1104 940 1311 1003 multo
1361 960 1562 1022 quam
1608 960 1871 1003 servum
1918 943 2241 1022 potiorem
2289 943 2494 1005 filium

400 1040 563 1119 regis
611 1039 791 1120 regni
840 1040 1163 1117 heredem,
1216 1040 1376 1102 satis
1424 1040 1606 1102 illum
1658 1041 1768 1103 diu
1820 1062 1936 1121 per
1984 1041 2314 1107 licentiam
2363 1044 2497 1105 elu-

398 1140 662 1203 dentem
712 1139 1057 1202 insultasse
1107 1140 1407 1216 dominiS,
1460 1140 1704 1202 clamor
1754 1141 1840 1203 ab
1888 1143 2229 1224 utriusque
2279 1143 2497 1207 fauto-

398 1240 576 1301 ribus
604 1240 831 1316 oritur,
861 1246 931 1302 et
960 1258 1311 1302 concursus
1339 1239 1564 1319 populi
1595 1240 1794 1303 fiebat
1824 1241 1893 1304 in
1924 1243 2190 1319 curiam,
2224 1263 2496 1323 appare-

330 1353 363 1395 3
398 1339 643 1421 batque
724 1346 1167 1419 regnaturum,

1251 1339 1365 1420 qui
1447 1340 1725 1403 vicisset.

1852 1342 2021 1403 Tum
2080 1343 2491 1424 Tarquiniu5‚

399 1441 783 1503 necessitate
819 1440 951 1502 iam
987 1440 1190 1503 etiam
1226 1439 1368 1519 ipsa
1406 1447 1675 1519 cogente
1711 1440 1948 1504 ultima
1985 1441 2241 1519 audere,
2283 1443 2493 1505 multo

396 1547 464 1603 et
517 1547 734 1603 aetate
784 1545 851 1602 et
905 1540 1151 1602 viribus
1202 1539 1495 1616 validior,
1552 1540 1840 1602 medium
1893 1541 2119 1620 arripit
2172 1542 2491 1619 Servium,

397 1639 773 1720 elatumque
838 1659 874 1701 e
942 1640 1118 1703 curia
1184 1639 1252 1702 in
1317 1640 1687 1702 inferiorem
1753 1647 2010 1721 partem
2077 1661 2192 1721 per
2257 1643 2496 1721 gradus

328 1756 361 1797 4
398 1739 620 1817 deicit;
661 1739 813 1803 inde
857 1740 941 1803 ad
987 1739 1351 1819 cogendum
1391 1747 1696 1802 senatum
1723 1740 1791 1802 in
1820 1741 2067 1803 curiam
2109 1742 2298 1805 redit.

2387 1743 2495 1805 Fit

397 1839 553 1919 fuga
625 1840 790 1919 regis
863 1840 1312 1920 apparitorum
1389 1846 1589 1921 atque
1665 1840 1979 1904 comitum
1990 1861 2007 1918 ;
2082 1841 2218 1921 ipse
2292 1862 2494 1922 prope

396 1940 760 2019 exsanguis,
805 1960 954 2002 cum
993 1939 1130 2002 sine
1169 1940 1341 2019 regio
1382 1940 1700 2003 comitatu
1742 1940 2012 2002 domum
2051 1960 2119 2003 se
2160 1942 2490 2024 reciperet,

397 2040 481 2102 ab
516 2040 611 2117 iis,
651 2039 764 2121 qui
798 2040 977 2102 missi
1014 2040 1098 2102 ab
1131 2040 1485 2120 Tarquinio
1521 2039 1879 2118 fugientem
1916 2042 2247 2104 consecuti
2280 2050 2489 2119 erant,

328 2156 361 2200 5
393 2139 799 2203 interficitur.
877 2140 1195 2216 Creditur,
1227 2140 1381 2221 quia
1407 2160 1541 2201 non
1576 2139 1882 2203 abhorret
1915 2162 1955 2203 a
1988 2148 2202 2204 cetero
2236 2141 2490 2219 scelere,

397 2239 736 2303 admonitu
790 2239 1037 2302 Tulliae
1090 2239 1155 2301 id
1209 2239 1478 2302 factum.
1578 2240 1904 2319 Carpento
1958 2247 2149 2317 certe,
2195 2240 2261 2303 id
2317 2242 2492 2322 quod

395 2339 554 2401 satis
619 2345 898 2416 constat,
966 2340 1034 2401 in
1098 2339 1312 2401 10111111
1375 2339 1639 2403 invecta
1703 2359 1820 2401 nec
1886 2342 2166 2403 reverita
2231 2349 2491 2405 coetum

396 2439 683 2501 virorum
723 2440 1026 2502 evocavit
1067 2439 1280 2501 virum
1320 2457 1355 2499 e
1396 2439 1593 2516 curia,
1636 2459 1980 2520 regemque
2019 2441 2231 2520 prima
2272 2441 2493 2521 appel-

327 2554 362 2598 0
395 2537 576 2601 lavit.

668 2538 726 2601 A
762 2558 891 2619 quo
939 2539 1250 2601 facessere
1296 2537 1471 2601 iussa
1517 2558 1600 2600 ex
1647 2546 1836 2602 tanto
1886 2540 2177 2604 tumultu
2228 2560 2377 2602 cum
2426 2561 2492 2604 se

394 2637 662 2701 domum
709 2637 1042 2717 reciperet,
1090 2639 1621 2719 pervenissetque
1669 2638 1752 2701 ad
1801 2658 2131 2701 summum
2179 2641 2492 2720 Cyprium

394 2739 631 2816 vicum,
698 2737 813 2800 ubi
882 2738 1191 2802 Dianium
1257 2757 1464 2816 nuper
1529 2737 1676 2814 fuit,
1747 2738 2035 2801 flectenti
2104 2747 2491 2819 carpentum

394 2837 626 2901 dextra
684 2835 756 2901 in
817 2837 1093 2902 Vrbium
1158 2838 1419 2915 clivum,
1482 2845 1563 2901 ut
1623 2836 1692 2900 in
1756 2838 1983 2901 collem
2051 2839 2490 2920 Esquiliarum

392 3057 630 3102 XLVIII.
741 3058 878 3101 THE
950 3056 1234 3100 KILLING
1306 3055 1392 3099 OF

454 3127 770 3176 SERVIUS:
856 3126 1217 3170 SUMMARY
1306 3125 1392 3169 OF

457 3195 572 3239 HIS
605 3195 829 3239 REIGN.
1126 3205 1129 3210 ·

457 3263 504 3306 1.
536 3265 678 3308 Huic
763 3262 1028 3306 orationi:
1121 3261 1390 3313 emphatic:

394 3330 575 3373 “while
599 3330 661 3372 he
684 3341 785 3372 was
809 3330 908 3372 still
934 3329 1171 3381 speaking
1194 3329 1246 3371 in
1271 3328 1391 3371 such

391 3398 592 3441 terms.”

453 3467 502 3508 2.
536 3466 607 3508 ad
641 3465 801 3508 haee:
846 3475 911 3507 sc.
956 3465 1262 3514 responderet.
1330 3464 1391 3506 fl-

390 3531 746 3584 numt=quod
764 3532 896 3581 filius
926 3533 1055 3574 esset.
1109 3539 1205 3581 per
1222 3530 1391 3574 lieen-

391 3598 536 3642 tum
601 3598 951 3642 eludentem:
1020 3599 1112 3641 “in
1178 3598 1388 3641 insolent

391 3667 671 3718 mockery.’'

454 3734 502 3776 ³.
536 3733 744 3776 ultima
777 3732 1005 3777 audere:
1042 3732 1138 3775 “to
1170 3732 1271 3775 risk
1306 3744 1389 3775 ex—

391 3801 545 3843 treme
581 3799 878 3844 measures.”

452 3870 500 3915 5.
531 3876 648 3913 non
679 3867 959 3920 abhorret,
986 3869 1104 3912 etc.:
1129 3866 1271 3912 “was
1295 3869 1384 3909 not

1491 3057 1812 3101 inconsistent
1838 3057 1960 3103 with
1985 3058 2072 3101 her
2092 3059 2284 3102 actions
2314 3060 2366 3101 in
2406 3060 2493 3105 the

1491 3129 1589 3167 rest
1643 3126 1695 3167 of
1747 3125 1833 3168 the
1893 3127 2094 3169 crime.’'
2161 3127 2489 3178 Brachylogy.

1491 3200 1593 3234 nec
1635 3193 1898 3236 reverita:
1953 3204 2018 3235 an
2061 3194 2268 3245 especial
2311 3195 2491 3238 breach

1489 3259 1542 3300 of
1574 3261 1841 3310 propriety.

1543 3330 1591 3370 e.
1632 3327 1898 3376 cyprium
1936 3327 2154 3371 vicum:
2194 3327 2329 3372 aside
2365 3329 2491 3370 from

1491 3392 1575 3435 the
1603 3393 1751 3436 Sacra
1773 3395 1855 3435 via
1878 3394 1975 3436 and
2007 3395 2093 3437 the
2117 3395 2260 3437 Nova
2283 3396 2380 3445 via,
2407 3396 2494 3439 the

1488 3464 1665 3503 streets
1689 3462 1739 3503 of
1763 3462 1920 3503 Rome
1941 3473 2066 3504 were
2088 3462 2244 3504 either
2284 3463 2378 3505 vici
2438 3473 2493 3505 or

1487 3529 1600 3571 clivi
1628 3529 1723 3577 (i.e.
1750 3539 1817 3580 up
1842 3529 1967 3579 hill).
1995 3529 2098 3572 The
2121 3530 2260 3572 vicus
2286 3531 2493 3581 cyprius

1487 3595 1565 3638 led
1604 3597 1729 3638 from
1764 3597 2152 3639 “down·town''
2186 3597 2375 3639 toward
2408 3597 2494 3640 the

1488 3664 1695 3712 Subura.
1737 3663 1835 3705 and
1874 3663 2065 3705 crossed
2104 3667 2157 3706 at
2195 3663 2261 3706 its
2298 3663 2491 3713 highest

1488 3732 1628 3783 point
1677 3731 1762 3774 the
1808 3731 1963 3773 clivus
2011 3731 2207 3780 Urbius,
2255 3730 2417 3774 where
2463 3742 2494 3773 a

1487 3803 1606 3842 turn
1639 3802 1692 3841 to
1727 3799 1812 3840 the
1843 3797 1973 3847 right
2008 3809 2072 3840 on
2108 3798 2290 3842 Urbius
2321 3796 2401 3840 led
2436 3801 2491 3840 to

1487 3865 1574 3911 the
1605 3865 1853 3910 residence
1886 3864 2077 3909 district
2112 3867 2164 3909 of
2199 3865 2283 3910 the
2312 3865 2490 3918 Esqui-
