2975 4367
422 303 616 356 xxxiii.
662 303 710 367 1]
1296 258 1536 355 LIBER
1573 303 1634 355 II
2458 308 2525 358 81

422 483 661 549 omnia.
750 482 1005 546 Timere
1038 481 1265 546 relicta
1299 481 1385 546 ab
1416 481 1551 548 suis
1583 482 1805 563 plebes
1828 483 2209 548 violentiam
2235 492 2501 565 patrum
2512 507 2530 563 ς

424 585 652 649 timere
702 589 923 663 patres
973 582 1249 646 residem
1299 581 1368 645 in
1416 583 1579 645 urbe
1629 583 1907 663 plebem,
1960 584 2209 661 incerti,
2264 606 2524 648 manere

356 704 388 747 6
422 706 569 748 eam
634 705 720 747 an
785 683 962 746 abire
1028 682 1317 747 mallent.
1408 682 1738 760 Quamdiu
1805 691 2029 748 autem
2074 684 2518 766 tranquillam,

424 805 593 866 quae
609 782 963 859 secesserit,
984 781 1479 845 multitudinem
1502 783 1676 846 fore?
1762 783 1933 861 Quid
1958 785 2254 848 futurum
2273 785 2526 863 deinde,

358 905 388 948 7
422 886 475 949 si
514 884 691 965 quod
730 890 1075 946 externum
1115 882 1377 945 interim
1417 881 1660 945 bellum
1697 884 2012 947 exsistat?
2093 884 2356 948 Nullam
2383 905 2531 964 pro-

425 986 597 1048 fecto
654 984 776 1047 nisi
830 983 898 1045 in
955 982 1300 1045 concordia
1356 982 1599 1044 civium
1654 1003 1837 1063 spem
1893 984 2208 1064 reliquam
2264 984 2498 1047 ducere
2509 1005 2525 1062 ;

423 1106 571 1148 eam
614 1104 730 1164 per
774 1102 1003 1164 aequa,
1049 1102 1166 1162 per
1207 1082 1434 1163 iniqua
1477 1083 2020 1146 reconciliandam
2067 1084 2322 1148 civitati
2365 1105 2520 1148 esse.
2610 1128 2616 1134 -

359 1205 390 1248 8
425 1185 682 1248 Placuit
746 1184 947 1264 igitur
1016 1189 1343 1246 oratorem
1418 1182 1503 1245 ad
1576 1182 1832 1263 plebem
1907 1184 2083 1247 mitti
2158 1185 2527 1248 Menenium

427 1285 806 1365 Agrippam,
844 1283 1203 1346 facundum
1240 1283 1455 1346 virum
1491 1289 1579 1359 et,
1619 1283 1795 1363 quod
1831 1283 1982 1346 inde
2017 1284 2329 1349 oriundus
2363 1292 2524 1362 erat,

426 1385 601 1465 plebi
639 1403 863 1447 carum
974 1384 1040 1447 Is
1077 1382 1487 1447 intromissus
1526 1382 1595 1445 in
1634 1390 1849 1447 castra
1887 1384 2096 1464 prisco
2136 1384 2244 1447 illo
2271 1385 2527 1448 dicendi

425 1491 495 1548 et
541 1483 801 1549 horrido
852 1483 1047 1546 modo
1096 1482 1255 1546 nihil
1305 1481 1480 1545 aliud
1531 1502 1731 1563 quam
1781 1484 1902 1546 hoc
1952 1504 2245 1548 narrasse
2294 1484 2525 1547 fertur:

359 1605 391 1649 9
426 1591 739 1665 tempore,
788 1603 919 1666 quo
963 1583 1032 1657 in
1077 1583 1338 1646 homine
1384 1604 1535 1658 non,
1583 1588 1660 1645 ut
1705 1602 1898 1660 nunc,
1946 1583 2167 1648 omnia
2209 1584 2278 1647 in
2321 1603 2527 1647 unum

427 1684 920 1761 consentientia,
980 1683 1092 1746 sed
1149 1682 1417 1762 singulis
1473 1682 1783 1746 membris
1838 1703 2029 1747 suum
2088 1684 2319 1765 cuique
2377 1704 2527 1747 con-

424 1784 662 1860 silium,
731 1803 886 1847 suus
952 1803 1164 1846 sermo
1233 1782 1449 1859 fuerit,
1521 1781 1896 1862 indignatas
1960 1783 2242 1863 reliquas
2308 1791 2528 1862 partes

424 1904 546 1949 sua
589 1904 762 1960 cura,
808 1903 926 1947 suo
971 1883 1190 1946 labore
1235 1902 1309 1946 ac
1356 1882 1714 1946 ministerio
1760 1882 1974 1945 ventri
2016 1883 2238 1947 omnia
2281 1884 2524 1964 quaeri,

428 1990 725 2047 ventrem
797 1983 866 2046 in
938 1982 1153 2045 medio
1227 1982 1527 2064 quietum
1601 1980 1759 2045 nihil
1832 1981 2007 2045 aliud
2081 2002 2282 2064 quam
2355 1983 2528 2047 datis

328 2106 389 2148 ιο
427 2082 882 2163 voluptatibus
946 2082 1072 2144 frui
1083 2102 1100 2159 ;
1166 2082 1568 2162 conspirasse
1631 2082 1802 2159 inde,
1868 2102 1949 2145 ne
2014 2103 2247 2146 manus
2310 2084 2393 2147 ad
2456 2104 2530 2147 os

426 2182 645 2246 cibum
689 2184 951 2259 ferrent,
998 2202 1115 2246 nec
1159 2203 1233 2246 os
1277 2181 1600 2263 acciperet
1643 2181 1897 2259 datum,
1944 2203 2060 2246 nec
2105 2183 2335 2247 dentes
2380 2204 2530 2247 con-

427 2284 711 2346 ficerent.
803 2284 946 2346 Hac
1001 2282 1099 2345 ira
1152 2283 1312 2345 dum
1357 2290 1657 2346 ventrem
1713 2283 1886 2345 fame
1940 2281 2207 2345 domare
2263 2281 2524 2360 vellent,

425 2384 569 2463 ipsa
604 2403 739 2446 una
779 2382 1075 2445 membra
1113 2389 1463 2463 totumque
1506 2401 1740 2462 corpus
1781 2383 1863 2444 ad
1903 2375 2266 2446 extremam
2305 2382 2529 2446 tabem

329 2508 386 2550 11
428 2484 696 2547 venisse.
788 2483 951 2545 Inde
1003 2483 1381 2562 apparuisse
1450 2483 1699 2545 ventris
1768 2502 2028 2564 quoque
2094 2483 2271 2545 haud
2337 2503 2530 2563 segne

427 2581 859 2647 ministerium
910 2602 1067 2659 esse,
1124 2602 1240 2645 nec
1294 2582 1501 2662 magis
1555 2582 1892 2663 aliquam
1945 2583 2113 2646 alere
2163 2602 2334 2659 eum,
2389 2582 2531 2645 red-

425 2683 691 2747 dentem
751 2682 822 2746 in
883 2683 1096 2746 omnis
1159 2682 1445 2762 corporis
1507 2689 1730 2762 partes
1792 2683 1985 2759 hunc,
2052 2702 2181 2764 quo
2246 2682 2531 2746 vivimus

427 2784 870 2864 vigemusque,
932 2783 1219 2846 divisum
1278 2783 1525 2862 pariter
1580 2782 1648 2846 in
1708 2802 1927 2859 venas,
1989 2789 2323 2845 maturum
2383 2803 2531 2846 con-

329 2909 390 2952 12
426 2885 597 2947 fecto
653 2883 798 2947 cibo
852 2883 1255 2963 sanguinem.
1345 2880 1802 2962 Comparando
1858 2881 2027 2959 hinc,
2076 2902 2276 2963 quam
2334 2883 2532 2946 intes-

425 2984 567 3047 tina
618 2984 904 3063 corporis
954 2984 1188 3047 seditio
1237 2981 1463 3046 similis
1513 2989 1683 3046 esset
1733 2982 1866 3045 irae
1915 2982 2123 3062 plebis
2172 2982 2239 3045 in
2288 2989 2528 3063 patreS,

426 3084 677 3147 flexisse
719 3091 973 3148 mentes
1009 3083 1368 3148 hominum.

362 3211 386 3251 1
550 3184 885 3246 XXXIII.
937 3183 1057 3263 Agi
1093 3183 1326 3246 deinde
1380 3182 1461 3246 de
1514 3182 1858 3246 concordia
1909 3189 2236 3261 coeptum,
2276 3202 2532 3246 conces-

422 3303 700 3365 sumque
735 3283 804 3346 in
858 3284 1288 3360 condiciones,
1334 3291 1411 3347 ut
1464 3283 1638 3362 plebi
1697 3284 1797 3346 sui
1843 3283 2266 3363 magistratus
2311 3289 2529 3346 essent

483 3507 534 3550 ’1.
567 3515 665 3558 per
696 3515 895 3559 aequa,
931 3515 1030 3558 per
1059 3505 1283 3558 iniqua:
1317 3505 1424 3558 “by
1526 3504 1630 3550 dat.
1660 3506 1714 3550 of
1739 3505 2036 3557 advantage.

421 3575 515 3618 tair
542 3585 714 3619 means
744 3586 800 3619 or
829 3575 985 3619 toul.'’
1591 3576 1669 3618 11.
1704 3584 1839 3627 quo:
1869 3577 1978 3627 “by
2005 3574 2178 3622 which.
2195 3584 2263 3619 ‚as
2290 3585 2320 3617 a
2346 3577 2531 3619 matter

483 3644 533 3686 8.
568 3645 874 3688 oratorem:
922 3653 1001 3685 see
1047 3652 1112 3685 on
1163 3643 1206 3686 1.
1254 3643 1330 3686 38.
1380 3645 1425 3686 2.
1526 3644 1577 3686 ot
1602 3645 1755 3691 fact,’'
1780 3645 1933 3688 hence
1957 3644 2043 3687 the
2065 3644 2212 3686 indic.

418 3711 575 3757 inde:
605 3730 647 3745 =·
675 3723 731 3755 ex
761 3712 905 3763 plebe.
969 3710 1115 3755 nihil
1146 3710 1327 3755 aliud:
1358 3721 1424 3754 sc.
1590 3712 1671 3754 12.
1706 3711 1942 3755 flexisse:
1975 3712 2097 3754 with
2129 3712 2276 3762 fertur
2313 3711 2401 3760 (8).

420 3780 598 3832 recisse.
675 3779 778 3822 The
825 3780 957 3823 table
999 3781 1112 3824 that
1155 3778 1344 3823 follows
1385 3779 1427 3821 is
1590 3776 1843 3820 XXXIII.
1862 3778 1909 3820 1.
1932 3777 2298 3821 sacrosancti:
2332 3777 2529 3819 “invio-

420 3857 513 3890 one
537 3847 589 3889 ot
613 3850 750 3897 great
776 3847 1045 3898 antiquity.
1525 3844 1705 3893 lable.’'
1738 3856 1791 3887 so
1822 3845 1934 3888 that
1966 3845 2088 3896 they
2109 3845 2266 3895 might
2300 3847 2380 3887 act
2405 3844 2530 3887 sear-

481 3915 532 3957 9.
565 3913 919 3967 indignatas:
947 3925 997 3956 sc
1042 3925 1153 3958 esse.
1214 3913 1426 3957 ventri:
1525 3911 1686 3964 lessly.
1753 3911 1948 3959 zuzim
1979 3912 2143 3957 latio:
2178 3912 2278 3956 this
2309 3912 2439 3964 right
2475 3915 2530 3958 to
