2975 4367
490 298 589 348 144
1415 290 1480 344 Τ.
1517 291 1677 346 LIVI
2405 296 2480 351 iv.
2521 298 2586 350 10

482 476 767 558 patriam
813 474 1023 551 video,
1071 473 1174 536 hic
1221 472 1542 553 quidquid
1590 475 2040 539 Romanarum
2086 477 2411 558 legionum
2454 486 2554 543 est
2563 500 2581 556 ;

484 597 652 657 quae
707 575 830 638 nisi
885 596 1002 655 pro
1057 593 1125 637 se
1181 573 1338 655 ipsis
1396 573 1477 636 ad
1537 581 1814 637 mortem
1870 597 2053 640 ruere
2112 578 2362 655 volunt,
2421 579 2578 660 quid

389 693 448 734 12
482 677 748 752 habent,
816 674 992 757 quod
1057 681 1268 737 morte
1330 696 1452 739 sua
1512 679 1813 739 servent?
1896 677 2101 740 Tecta
2163 679 2362 754 urbis,
2401 678 2580 743 dicat

396 804 399 808 “
483 776 736 857 aliquis,
779 782 848 841 et
888 774 1146 838 moenia
1183 780 1253 838 et
1291 795 1438 838 eam
1479 776 1766 854 turbam,
1809 797 1850 840 a
1889 798 2022 858 qua
2059 778 2215 841 urbs
2254 778 2574 842 incolitur.

483 876 696 938 Immo
733 875 990 949 hercule
1036 875 1405 956 produntur
1449 895 1530 939 ea
1573 876 1796 940 omnia
1839 876 2055 940 deleto
2100 878 2222 941 hoc
2268 879 2576 956 exercitu,

389 995 445 1034 13
482 998 613 1040 non
646 983 1010 1040 servantur.
1102 975 1262 1050 Quis
1310 976 1484 1038 enim
1534 995 1613 1039 ea
1661 976 1991 1040 tuebitur?
2077 976 2367 1041 Imbellis
2403 979 2581 1042 vide-

482 1077 630 1140 licet
691 1084 889 1157 atque
948 1076 1210 1138 inermis
1271 1075 1647 1139 multitudo.
1736 1077 1901 1139 Tam
1961 1077 2238 1155 hercule,
2281 1099 2480 1159 quam
2539 1100 2582 1143 a

481 1176 815 1240 Gallorum
842 1176 1097 1256 impetu
1122 1175 1433 1238 defendit.
1526 1177 1628 1239 An
1666 1197 1706 1240 a
1740 1177 1913 1240 Veiis
1948 1164 2309 1241 exercitum
2346 1178 2581 1241 Camil-

288 1322 292 1327 .
387 1296 444 1336 14
480 1268 745 1357 lumque
781 1278 1014 1339 ducem
1062 1275 1547 1355 implorabunt?
1634 1277 1758 1339 Hic
1813 1297 2038 1341 omnes
2089 1298 2237 1357 spes
2290 1298 2578 1359 opesque

478 1383 652 1454 sunt,
726 1397 889 1457 quas
955 1376 1277 1439 servando
1344 1376 1631 1456 patriam
1698 1397 2053 1454 servamus,
2125 1377 2422 1441 dedendo
2492 1378 2576 1441 ad

479 1497 702 1539 necem
743 1477 1027 1557 patriam
1069 1475 1424 1539 deserimus
1466 1497 1541 1539 ac
1583 1477 1937 1557 prodimus.
2029 1478 2117 1539 At
2159 1478 2353 1541 foeda
2379 1485 2579 1559 atque

384 1596 441 1637 15
477 1577 906 1656 ignominiosa
952 1576 1198 1639 deditio
1246 1582 1365 1638 est.
1457 1575 1583 1639 Sed
1625 1597 1709 1639 *ea
1757 1577 1993 1640 caritas
2040 1578 2293 1657 patriae
2339 1584 2460 1654 est,
2501 1585 2579 1642 ut

478 1683 618 1739 tam
677 1675 1034 1755 ignominia
1090 1696 1236 1739 eam
1297 1696 1498 1756 quam
1558 1683 1767 1739 morte
1827 1683 2070 1753 nostra,
2131 1677 2186 1740 si
2243 1698 2409 1758 opus
2468 1679 2572 1754 sit,

382 1795 442 1837 16
475 1796 826 1839 servemus.
918 1775 1245 1839 Subeatur
1279 1796 1430 1855 ergo
1468 1776 1615 1851 ista,
1642 1784 2175 1857 quantacumque
2211 1783 2332 1854 est,
2370 1777 2580 1856 indig-

476 1876 668 1952 nitaS,
704 1882 773 1939 et
806 1882 1116 1956 pareatur
1149 1876 1542 1952 necessitati,
1581 1896 1780 1956 quam
1816 1896 1897 1939 ne
1930 1876 2021 1938 dii
2071 1877 2337 1957 quidem
2390 1897 2581 1956 supe-

473 1982 643 2039 rant.
736 1975 857 2052 Ite,
911 1976 1224 2052 consules,
1290 1975 1589 2039 redimite
1667 1975 1863 2039 armis
1939 1975 2298 2055 civitatem,
2377 1991 2596 2058 quam·

436 2155 442 2163 ,
474 2096 634 2138 auro
678 2076 952 2139 maiores
997 2076 1212 2138 vestri·
1238 2076 1695 2139 redemerunt.²

411 2196 436 2238 1
599 2177 678 2239 V.
726 2175 1034 2239 Consules
1072 2175 1348 2255 profecti
1388 2175 1470 2238 ad
1512 2176 1824 2239 Pontium
1861 2176 1931 2240 in
1969 2177 2383 2258 colloquium,
2426 2198 2578 2241 cum

472 2275 555 2338 de
632 2274 889 2339 foedere
966 2275 1176 2338 victor
1253 2275 1552 2355 agitaret,
1632 2283 1953 2355 negarunt
2029 2277 2276 2341 iniussu
2351 2277 2578 2361 populi

471 2374 707 2439 foedus
748 2375 884 2438 fieri
927 2395 1116 2455 posse
1160 2396 1278 2438 nec
1322 2375 1459 2438 sine
1506 2375 1837 2440 fetialibus
1882 2377 2403 2459 caerimoniaque
2448 2377 2575 2441 alia

407 2495 439 2538 2
469 2468 785 2538 sollemni.
876 2475 1115 2556 Itaque
1171 2497 1323 2552 non,
1391 2481 1469 2537 ut
1538 2475 1732 2554 vulgo
1800 2476 2074 2539 credunt
2140 2476 2577 2558 Claudiusque

470 2575 671 2638 etiam
714 2575 960 2652 scribit,
1007 2575 1263 2638 foedere
1307 2597 1441 2656 pax
1484 2575 1799 2652 Caudina,
1844 2575 1956 2638 sed
2000 2597 2116 2656 per
2156 2577 2573 2657 sponsionem

406 2675 650 2739 efacta
706 2682 826 2738 est.
916 2676 1203 2754 Tempus
1262 2675 1413 2738 inde
1472 2681 1806 2738 statutum
1853 2675 2188 2739 tradendis
2237 2675 2575 2740 obsidibus

468 2775 889 2857 exercituque
944 2774 1174 2838 inermi
1232 2775 1576 2838 mittendo.

599 2875 1098 2959 Redintegravit
1144 2874 1395 2938 luctum
1435 2875 1504 2937 in
1551 2876 1781 2940 castris
1829 2875 2171 2940 consulum
2218 2875 2568 2954 adventuS,

466 3093 724 3138 interest.”
797 3093 900 3138 'I'he
945 3093 1101 3138 brave
1142 3103 1315 3137 course
1359 3103 1471 3136 now
1639 3094 1697 3139 V.
1734 3094 1783 3138 1.
1816 3092 2132 3140 fetialibus:
2158 3106 2239 3140 see
2262 3105 2329 3140 on
2354 3095 2404 3142 7.
2424 3095 2504 3142 32.
2533 3098 2573 3142 1.

465 3163 508 3205 is
539 3166 593 3204 to
625 3162 743 3205 take
775 3162 862 3205 the
893 3162 1135 3212 disgrace.
1637 3164 1687 3206 2.
1724 3162 2014 3208 claud-iun:
2083 3163 2317 3208 Claudius
2365 3163 2577 3216 Quadri-

532 3230 611 3272 12.
645 3229 902 3273 turbam:
923 3240 955 3272 a
974 3228 1197 3272 soldier’s
1216 3232 1475 3280 contempt
1574 3232 1752 3281 garine.
1777 3241 1808 3273 a
1832 3231 2030 3274 Roman
2050 3231 2308 3276 historian.
2377 3233 2469 3279 See
2492 3235 2577 3278 In-

467 3296 542 3338 for
572 3297 812 3340 civilianS.
1574 3298 1701 3341 trod.
1748 3298 1841 3341 ΙΙΙ.
1901 3298 2289 3349 sponsionem:
2335 3298 2425 3343 the
2457 3309 2577 3349 eon·-

531 3363 610 3406 18.
643 3365 754 3408 An:
778 3364 899 3406 used
923 3363 1042 3407 thus
1064 3362 1394 3414 rhetoricam,
1408 3373 1475 3405 an
1572 3363 1674 3406 suls
1709 3364 1808 3407 and
1846 3364 1976 3407 their
2011 3364 2190 3409 official
2228 3365 2448 3410 advisere
2489 3367 2576 3411 be-

465 3430 711 3482 regularly
739 3429 1022 3473 introduces
1052 3441 1116 3473 an
1146 3429 1356 3472 obvious
1383 3430 1476 3472 im·
1571 3442 1711 3475 came
1777 3441 2028 3482 sponsores
2097 3433 2161 3481 (7.
2235 3434 2303 3484 9),
2364 3433 2575 3485 binding

465 3497 760 3549 possibility.
1571 3498 1868 3541 themselves
1904 3498 2119 3549 through
2156 3500 2251 3543 600
2295 3500 2471 3552 equites
2516 3512 2573 3544 as

530 3565 609 3609 1⁸.
642 3565 734 3615 At,
773 3568 887 3608 etc.:
926 3565 1013 3608 the
1034 3564 1285 3616 objection
1320 3565 1372 3607 of
1407 3575 1472 3607 an
1568 3565 1799 3616 hostages
1859 3570 1913 3609 to
1973 3576 2142 3610 secure
2209 3567 2449 3620 approval
2516 3573 2571 3613 at

463 3631 740 3684 imaginary
787 3634 1058 3685 opponent.
1126 3632 1330 3675 caritas
1376 3640 1472 3683 pa-
1569 3633 1728 3676 Rome
1742 3634 1818 3675 for
1834 3633 1922 3677 the
1935 3637 2089 3677 terms
2106 3634 2284 3685 agreed
2299 3644 2450 3686 upon.
2477 3635 2572 3678 For

464 3698 629 3742 triae:
653 3699 1028 3752 “patriotism.”
1083 3699 1173 3742 See
1194 3710 1259 3741 on
1278 3701 1319 3742 1.
1332 3700 1409 3742 34.
1421 3700 1474 3747 5.
1567 3699 1654 3744 the
1669 3699 1872 3743 method
1889 3701 1941 3742 ot
1956 3701 2043 3744 the
2054 3700 2222 3753 foedus
2235 3702 2299 3746 cf.
2319 3703 2361 3746 1.
2378 3703 2455 3746 24.
2468 3704 2568 3747 4·9.

529 3766 608 3809 ie.
641 3766 839 3809 armis:
882 3767 960 3810 Le.
1007 3766 1176 3817 giving
1217 3765 1356 3809 them
1399 3777 1469 3819 up
1629 3769 1678 3810 6.
1712 3767 2094 3819 exercituque:
2156 3767 2343 3813 dative.
2439 3769 2573 3813 mit-

470 3833 551 3882 (ef.
591 3835 810 3882 inermes.
854 3833 921 3883 3),
964 3844 1019 3876 as
1058 3831 1171 3884 gold
1209 3843 1311 3877 was
1349 3832 1466 3886 paid
1564 3835 1761 3878 tendo:
1785 3845 1850 3878 sc.
1874 3835 1961 3878 sub
1981 3834 2165 3887 iustum.
2222 3837 2294 3880 ot.
2320 3838 2364 3881 3.
2388 3837 2466 3882 28.
2494 3837 2570 3883 11.

463 3902 517 3944 to
550 3899 635 3944 the
668 3900 834 3944 GauIS.
1561 3900 1939 3946 abstinerent:
1968 3913 2033 3946 sc.
2061 3901 2250 3948 milites.
