2975 4367
237 826 299 867 10

336 233 452 291 xlii.
488 230 541 300 6]
726 236 736 313 j
914 196 920 207 ’
1223 228 1459 310 LIBER
1494 227 1544 286 v
1820 228 1823 235 ⁴
2330 232 2432 289 119

337 435 488 478 cum
547 419 819 490 starent,
885 413 969 475 M.
1036 413 1351 493 Papirius,
1415 434 1585 478 unus
1644 435 1728 477 ex
1785 413 1882 492 iis,
1945 415 2184 478 dicitur
2244 416 2429 480 Gallo

337 515 611 577 barbam
677 534 885 590 suam,
955 521 1032 577 ut
1097 520 1242 576 tum
1309 514 1613 578 omnibus
1678 515 1996 595 promissa
2059 522 2220 593 erat,
2290 536 2431 596 per-

339 612 650 676 mulcenti
680 613 968 694 scipione
996 613 1281 676 eburneo
1312 613 1381 676 in
1413 621 1613 693 caput
1645 615 1901 679 incusso
1933 615 2096 678 iram
2130 617 2428 692 movisse,

339 718 539 794 atque
594 714 679 777 ab
731 734 809 776 eo
862 714 1124 777 initium
1181 713 1396 777 caedis
1448 719 1690 789 ortum,
1749 722 1994 777 ceteros
2048 716 2116 778 in
2170 715 2431 779 sedibus

334 814 469 876 suis
535 813 897 876 trucidatos
907 834 924 890 ;
991 820 1141 894 post
1208 813 1574 893 principum
1643 814 1906 877 caedem
1974 813 2132 877 nulli
2198 815 2431 878 deinde

337 912 714 976 mortalium
760 913 958 993 parci,
1005 912 1197 993 diripi
1244 920 1440 988 tecta,
1488 899 1825 977 e‘xhaustis
1868 914 2019 976 inici
2063 915 2259 993 ignes.

462 1013 676 1074 XLII.
724 1014 1046 1088 Ceterum,
1076 1033 1295 1075 —seu
1349 1034 1479 1075 non
1535 1014 1837 1076 omnibus
1891 1013 2147 1076 delendi
2203 1016 2430 1078 urbem

336 1111 538 1175 libido
588 1120 750 1188 erat,
803 1132 918 1176 seu
968 1113 1065 1175 ita
1115 1111 1450 1191 placuerat
1503 1114 1901 1194 principibus
1955 1113 2307 1190 Gallorum,
2363 1120 2430 1177 et

333 1213 653 1275 ostentari
708 1212 1031 1292 quaedam
1087 1211 1387 1274 incendia
1440 1213 1701 1275 terroris
1756 1234 1969 1289 causa,
2026 1213 2078 1275 si
2135 1213 2430 1293 compelli

335 1313 420 1377 ad
473 1312 873 1374 deditionem
924 1312 1200 1374 caritate
1251 1312 1479 1374 sedum
1532 1334 1796 1375 suarum
1849 1314 2091 1375 obsessi
2142 1322 2428 1394 possent,

331 1418 399 1475 et
444 1433 577 1475 non
619 1412 842 1475 omnia
883 1411 1279 1474 concremari
1323 1417 1521 1487 tecta,
1568 1419 1663 1488 ut,
1710 1412 2169 1493 quodcumque
2211 1434 2434 1493 super-

301 1517 503 1575 esset
568 1511 766 1588 urbiS,
830 1511 898 1573 id
963 1512 1198 1593 pignus
1262 1511 1343 1574 ad
1412 1512 1764 1575 flectendos
1827 1513 2114 1575 hostium
2181 1514 2432 1577 animos

333 1612 673 1688 haberent,
700 1645 784 1655 —-
807 1631 1226 1692 nequaquam
1290 1611 1558 1691 perinde
1621 1618 1819 1691 atque
1883 1614 1947 1674 in
2013 1619 2211 1693 capta
2272 1614 2432 1677 urbe

332 1713 547 1793 prima
578 1711 683 1774 die
716 1717 833 1774 aut
865 1712 1108 1792 passim
1142 1718 1260 1774 aut
1292 1710 1423 1773 late
1456 1718 1735 1789 vagatus
1766 1718 1866 1774 est
1897 1713 2081 1791 ignis.
2149 1714 2431 1776 Romani

330 1832 415 1874 ex
462 1831 606 1874 arce
651 1810 912 1891 plenam
957 1811 1246 1875 hostiurn
1290 1811 1520 1874 urbem
1566 1818 1899 1874 cernentes
1944 1833 2274 1893 vagosque
2318 1834 2433 1893 per

334 1912 475 1974 vias
508 1930 734 1974 omnes
768 1932 1012 1987 cursus
1048 1931 1200 1974 cum
1234 1909 1361 1974 alia
1394 1917 1594 1990 atque
1628 1911 1755 1974 alia
1786 1920 1973 1992 parte
2005 1932 2181 1975 nova
2213 1913 2433 1993 aliqua

332 2011 550 2074 clades
616 2017 927 2086 oreretur,
995 2030 1129 2073 non
1196 2011 1526 2073 mentibus
1592 2011 1802 2074 solum
1870 2012 2205 2092 concipere
2272 2034 2427 2089 rem,

330 2111 444 2174 sed
485 2131 566 2173 ne
605 2111 870 2174 auribus
905 2111 1172 2191 quidem
1211 2117 1413 2190 atque
1448 2110 1650 2173 oculis
1685 2112 1846 2174 satis
1883 2120 2180 2175 constare
2216 2119 2433 2192 poter-

333 2217 468 2274 ant.
562 2209 991 2291 Quocumque
1056 2210 1300 2273 clamor
1381 2211 1690 2287 hostium,
1776 2211 2119 2274 mulierum
2202 2232 2432 2292 puero-

330 2330 610 2390 rumque
666 2309 980 2390 ploratuS,
1038 2311 1292 2374 sonitus
1349 2310 1652 2373 flammae
1707 2317 1774 2374 et
1830 2312 2046 2389 fragor
2099 2313 2430 2374 ruentium

331 2416 660 2473 tectorum
710 2410 1072 2487 avertisset,
1122 2415 1442 2491 paventes
1489 2410 1573 2473 ad
1620 2411 1843 2473 omnia
1889 2411 2140 2474 animos
2188 2432 2430 2492 oraque

330 2516 399 2572 et
458 2508 680 2572 oculos
740 2510 1114 2586 flectebant,
1177 2509 1359 2572 velut
1419 2509 1503 2572 ad
1562 2511 2007 2589 spectaculum
2069 2532 2109 2573 a
2167 2511 2433 2575 fortuna

330 2609 529 2689 positi
572 2609 929 2672 occidentis
970 2609 1224 2689 patriae
1265 2630 1383 2672 nec
1426 2608 1619 2672 ullius
1660 2630 1874 2672 rerum
1916 2630 2182 2673 suarum
2226 2610 2428 2674 relicti

330 2717 794 2790 praeterquam
849 2729 1193 2789 corporum
1248 2709 1558 2784 vindiceS,
1602 2715 1805 2772 tanto
1860 2717 2014 2773 ante
2069 2710 2227 2774 alios
2281 2712 2432 2774 mis-

329 2808 558 2872 erandi
619 2810 845 2888 magiS,
907 2809 1021 2889 qui
1080 2829 1397 2889 umquam
1456 2810 1700 2872 obsessi
1759 2815 1933 2886 sunt,
1998 2810 2174 2891 quod
2234 2811 2432 2874 inter-

331 2909 492 2972 clusi
560 2929 600 2973 a
662 2909 879 2991 patria
941 2909 1431 2985 obsidebantur,
1498 2909 1720 2972 omnia
1780 2931 1901 2972 sua
1965 2916 2300 2974 cernentes
2364 2911 2431 2974 in

331 3009 623 3071 hostium
703 3016 1052 3090 potestate.
1144 3009 1278 3073 Nec
1336 3008 1748 3089 tranquillior
1826 3031 1958 3072 nox
2035 3009 2210 3073 diem
2290 3017 2427 3074 tam

332 3109 521 3172 foede
596 3116 819 3173 actum
890 3109 1146 3190 excepit
1157 3129 1175 3186 3
1246 3108 1360 3171 lux
1431 3108 1665 3172 deinde
1736 3117 1997 3174 noctem
2068 3110 2430 3191 inquietam

330 3210 628 3272 insecuta
654 3217 774 3285 est,
807 3230 923 3272 nec
952 3208 1156 3272 ullum
1183 3214 1325 3272 erat
1354 3214 1636 3289 tempuS‚
1668 3209 1844 3290 quod
1875 3232 1914 3273 a
1940 3230 2150 3273 novae
2176 3229 2432 3291 semper

392 3408 557 3453 XLII.
594 3410 641 3453 1.
675 3409 747 3454 ⁸1:
806 3410 1177 3461 interrogative;
1238 3410 1332 3452 “to
1429 3409 1656 3453 Μεθ’
1713 3411 1850 3454 satis
1877 3410 2157 3457 constare:
2183 3413 2278 3457 “to
2303 3412 2434 3459 have

329 3488 409 3521 see
434 3477 705 3521 whether.’'
1431 3478 1521 3520 full
1545 3480 1818 3529 possession
1842 3479 1945 3522 of.''

392 3546 443 3587 2.
476 3544 559 3587 et:
587 3561 630 3577 ε-
658 3546 699 3587 et
742 3546 915 3589 tamen.
979 3545 1208 3596 perinde
1249 3545 1334 3588 at·
1493 3545 1544 3587 4.
1577 3546 1894 3590 avertisset:
1931 3547 2163 3591 iterative
2198 3547 2433 3599 subjunc-

330 3620 464 3663 que:
495 3611 734 3662 “exactly
761 3611 868 3655 as.''
1431 3614 1550 3656 tive.
1619 3613 1795 3664 velut,
1835 3618 1950 3658 etc:
1988 3622 2044 3658 as
2077 3615 2118 3658 it
2153 3613 2326 3667 placed
2362 3616 2432 3669 by

392 3680 441 3722 8.
476 3686 764 3731 vagaque
792 3709 805 3721 .
836 3708 849 3722 .
879 3708 892 3721 .
917 3687 1137 3723 curem:
1163 3680 1332 3724 “their
1430 3682 1629 3723 fortune
1658 3684 1712 3723 to
1741 3683 1939 3725 witness
1968 3681 2054 3725 the
2082 3683 2194 3726 ruin
2222 3682 2276 3726 of
2304 3684 2432 3733 their

327 3745 575 3797 rambling
593 3748 820 3790 invasion
841 3747 893 3789 of
913 3747 976 3790 all
999 3748 1083 3790 the
1103 3748 1331 3791 streetS.'’
1430 3751 1548 3801 city,
1584 3750 1683 3792 and
1718 3751 1833 3793 thus
1866 3751 1953 3795 left
1988 3755 2042 3793 to
2076 3752 2268 3803 protect
2302 3758 2431 3796 none

328 3812 620 3858 mentibus
675 3843 689 3857 .
743 3844 756 3857 .
812 3843 826 3861 .
875 3815 1186 3866 concipere:
1237 3816 1331 3857 “to
1378 3848 1384 3863 .
1430 3817 1482 3858 or
1506 3817 1633 3859 their
1656 3817 1940 3868 belongings
1961 3828 2079 3862 save
2100 3818 2228 3862 their
2243 3816 2429 3866 bodies.

1167 3969 1267 3988 ms
