2975 4367
468 192 540 246 66
1375 188 1442 244 Τ.
1478 187 1639 243 LIVI
1911 206 1916 211 ·
2375 188 2490 255 [liii.
2529 193 2563 244 3

467 371 714 453 templi,
742 391 909 454 quae
933 370 1130 451 digna
1153 369 1348 434 deum
1375 371 1844 452 hominumque
1868 390 2035 452 rege,
2063 390 2232 454 quae
2258 372 2559 436 Romano

466 472 756 554 imperiO,
806 492 974 553 quae
1018 472 1223 551 ipsius
1267 472 1469 535 etiam
1518 472 1640 534 loci
1686 471 2029 534 maiestate
2063 478 2250 535 esset.
2341 472 2562 553 Capti-

467 592 621 635 vam
676 572 1019 652 pecuniam
1074 568 1144 634 in
1199 572 1718 635 aedificationem
1774 569 1911 632 eius
1965 571 2194 651 templi
2248 573 2555 652 seposuit.

399 683 431 727 4
592 672 870 752 Excepit
910 672 1146 734 deinde
1187 691 1338 734 eum
1380 671 1621 734 lentius
1662 689 1776 750 spe
1818 669 2079 747 bellum,
2123 691 2254 752 quo
2296 672 2555 749 GabioS,

464 770 901 853 propinquam
954 772 1206 849 urbem,
1264 772 1665 853 nequiquam
1720 770 1786 832 vi
1841 769 2129 847 adortUS,
2187 791 2337 832 cum
2389 772 2559 835 obsi-

465 871 661 935 dendi
717 892 977 954 quoque
1030 873 1260 935 urbem
1316 891 1463 951 spes
1518 870 1704 950 pulso
1761 890 1799 932 a
1854 870 2193 933 moenibus
2247 871 2557 951 adempta

463 979 651 1050 esset,
705 980 1035 1053 postremo
1089 973 1352 1035 minime
1405 979 1546 1035 arte
1599 971 1918 1046 Romana,
1973 970 2201 1032 fraude
2253 990 2328 1034 ac
2379 970 2549 1049 dolo,

396 1089 429 1133 5
463 1072 801 1152 adgressus
861 1079 981 1136 est.
1090 1074 1261 1136 Nam
1324 1092 1494 1149 cum,
1549 1071 1730 1133 velut
1792 1070 2006 1150 posito
2072 1070 2257 1147 bello,
2322 1071 2556 1134 funda-

465 1173 701 1236 mentis
747 1173 976 1252 templi
1018 1173 1326 1236 iaciendis
1371 1172 1639 1253 aliisque
1682 1170 1951 1233 urbanis
1994 1170 2298 1250 operibus
2342 1171 2554 1234 inten-

463 1279 608 1336 tum
658 1292 725 1334 se
774 1293 910 1335 esse
960 1273 1312 1349 simularet,
1367 1274 1606 1335 Sextus
1656 1271 1824 1332 filius
1875 1271 2032 1347 eiUS,
2085 1270 2198 1352 qui
2249 1271 2555 1334 minimus

461 1391 545 1435 ex
596 1373 807 1437 tribus
858 1380 1018 1450 erat,
1075 1372 1425 1452 transfugit
1477 1391 1562 1433 ex
1613 1371 1974 1450 composito
2029 1370 2289 1448 Gabios,
2350 1372 2555 1451 patris

366 1492 428 1535 ιο
460 1473 527 1535 in
579 1492 646 1536 se
694 1473 1039 1536 saevitiam
1087 1471 1561 1535 intolerabilem
1613 1490 2030 1552 conquerens
2129 1471 2416 1550 Benigne
2438 1458 2447 1465 ’
2468 1472 2554 1535 ab

463 1573 733 1636 Gabinis
789 1573 1129 1653 excipitur.
1235 1573 1479 1635 Vetant
1541 1570 1778 1647 mirari,
1841 1571 1914 1647 si,
1964 1571 2173 1653 qualis
2230 1571 2299 1633 in
2358 1572 2550 1650 cives,

365 1692 423 1735 11
461 1673 673 1754 qualis
713 1673 781 1736 in
821 1674 1045 1750 socioS,
1090 1673 1240 1737 talis
1282 1672 1364 1734 ad
1405 1671 1714 1734 ultimum
1755 1671 1824 1733 in
1864 1670 2097 1733 liberos
2137 1678 2306 1734 esset
2317 1692 2333 1749 ;
2374 1672 2443 1735 in
2484 1692 2551 1735 se

461 1772 676 1853 ipsum
733 1781 1061 1854 postremo
1118 1773 1542 1847 saeviturum,
1593 1770 1656 1858 ‚si
1714 1770 1841 1833 alia
1895 1770 2128 1833 desint.
2218 1772 2354 1835 Sibi
2400 1792 2553 1836 vero

462 1880 721 1953 gratum
770 1874 1129 1936 adventum
1176 1874 1314 1935 eius
1359 1891 1517 1947 esse,
1568 1865 1995 1951 futurumque
2043 1870 2299 1934 credere
2347 1872 2549 1950 brevi,

459 1979 538 2036 ut
581 1973 688 2036 illo
733 1974 1087 2037 adiuvante
1132 1995 1172 2036 a
1214 1972 1420 2053 portis
1463 1971 1733 2034 Gabinis
1777 1970 1901 2032 sub
1947 1970 2250 2034 Romana
2294 1973 2553 2037 moenia

462 2071 701 2135 bellum
743 2075 1188 2136 transferatur.
2193 2135 2199 2144 ,

398 2194 423 2237 1
587 2174 754 2236 LIV.
796 2173 957 2236 Inde
979 2173 1047 2236 in
1070 2172 1333 2236 consilia
1355 2172 1618 2252 publica
1636 2169 1948 2234 adhiberi.
1999 2171 2131 2235 Ubi
2150 2192 2299 2234 cum
2315 2172 2396 2235 de
2415 2174 2555 2238 aliis

461 2261 653 2336 rebus
695 2272 1017 2337 adsentire
1058 2293 1125 2336 se
1169 2272 1499 2335 veteribus
1540 2271 1812 2335 Gabinis
1853 2271 2117 2349 diceret,
2162 2273 2400 2353 quibus
2440 2294 2554 2340 eae

462 2373 746 2436 notiores
795 2381 1030 2450 essent,
1083 2373 1219 2453 ipse
1268 2372 1630 2435 identidem
1682 2371 1832 2434 belli
1882 2379 2113 2435 auctor
2161 2392 2318 2450 esse,
2370 2381 2439 2438 et
2487 2374 2557 2438 in

461 2493 538 2536 eo
598 2472 723 2536 sibi
782 2474 1200 2554 praecipuam
1262 2471 1681 2553 prudentiam
1745 2471 2106 2550 adsumere,
2156 2473 2332 2554 quod
2392 2474 2555 2538 utri-

460 2593 667 2654 usque
691 2573 913 2653 populi
937 2574 1104 2637 vires
1131 2579 1369 2649 nosset,
1390 2572 1714 2653 sciretque
1730 2571 2011 2636 invisam
2028 2574 2320 2654 profecto
2337 2595 2558 2655 super-

463 2671 639 2735 biam
684 2674 926 2753 regiam
973 2673 1224 2737 civibus
1269 2692 1426 2750 esse,
1475 2692 1678 2752 quam
1725 2672 1890 2735 ferre
1936 2692 2016 2736 ne
2063 2673 2245 2735 liberi
2291 2674 2556 2756 quidem

397 2796 430 2840 2
460 2774 845 2853 potuissent.
936 2774 1044 2837 Ita
1103 2794 1252 2835 cum
1310 2772 1550 2837 sensim
1611 2772 1696 2835 ad
1755 2772 2202 2836 rebellandum
2244 2775 2557 2853 primores

461 2873 862 2936 Gabinorum
915 2873 1238 2950 incitaret,
1293 2873 1430 2953 ipse
1484 2893 1635 2934 cum
1688 2873 2194 2953 promptissimis
2243 2873 2555 2937 iuvenum

461 2973 850 3052 praedatum
890 2981 1089 3055 atque
1126 2973 1194 3036 in
1231 2972 1681 3052 expeditiones
1718 2972 1861 3049 iret,
1901 2979 1970 3037 et
2006 2973 2199 3037 dictis
2236 2974 2557 3056 factisque

460 3073 761 3137 omnibus
805 3074 887 3136 ad
932 3060 1288 3136 fallendum
1331 3072 1667 3136 instructis
1712 3092 1887 3136 vana
1930 3072 2330 3138 adcresceret
2373 3074 2552 3152 fides,

457 3325 720 3370 historians
748 3326 858 3369 who
880 3331 1031 3370 wrote
1059 3329 1109 3371 in
1134 3326 1305 3372 Greek.
1368 3326 1456 3370 See
1560 3326 1685 3371 lates
1720 3327 1805 3371 the
1826 3328 2033 3372 'natural
2064 3328 2217 3373 direct
2249 3330 2352 3374 noli
2370 3332 2556 3377 mirari.

460 3394 649 3453 introd.
674 3396 769 3438 ΙΙΙ.
1620 3398 1698 3441 11.
1734 3396 1878 3440 eius:
1907 3414 1949 3429 =
1978 3397 2122 3441 Sexti.

523 3461 571 3503 4.
604 3469 724 3511 spe:
755 3479 795 3493 =
824 3472 964 3511 quam
1014 3464 1298 3512 speraverat:
1345 3462 1456 3504 bra·
1620 3462 1746 3506 LIV.
1803 3462 1851 3505 l.
1906 3463 2181 3508 adhiberi:
2242 3464 2357 3509 hist.
2419 3466 2556 3511 infin.

459 3528 684 3579 chylogy.
742 3528 926 3578 pulso:
950 3538 1016 3570 sc.
1047 3529 1321 3580 Tarquinio.
1367 3530 1457 3573 See
1557 3530 1659 3573 The
1699 3531 1949 3573 narrative
1988 3532 2030 3573 is
2071 3532 2208 3574 vivid
2251 3532 2555 3584 throughout

459 3606 524 3638 on
559 3594 803 3645 Romanis,
848 3597 915 3638 12.
951 3597 996 3638 5.
1063 3596 1299 3639 numme
1337 3626 1350 3639 .
1390 3627 1402 3639 .
1442 3627 1455 3640 .
1558 3597 1642 3639 the
1681 3597 1899 3648 chapter.
1974 3599 2125 3654 quod
2169 3629 2183 3642 .
2228 3628 2241 3642 .
2286 3629 2300 3642 .
2339 3602 2554 3645 nonest:

458 3664 736 3707 Romana:
804 3666 922 3705 note
989 3662 1157 3715 Livy’s
1224 3665 1455 3716 patriotic
1558 3665 1818 3714 “because.
1869 3676 1924 3707 as
1969 3665 2031 3708 he
2078 3666 2299 3716 claimed.
2348 3667 2411 3712 he
2455 3679 2558 3712 was

458 3730 590 3773 tone.
1555 3731 1853 3782 acquainted
1880 3733 2053 3776 with.''

523 3796 604 3840 ιο.
637 3791 844 3842 vetant
893 3797 1109 3843 mnan:
1158 3798 1257 3843 this
1295 3802 1455 3843 trans·
1616 3800 1667 3843 2.
1700 3807 1873 3844 vana:
1905 3799 2265 3868 “misplaced.”
