2975 4367
449 2739 502 2780 11
543 2728 834 2784 venerat.

550 246 651 299 154
1460 240 1528 297 Τ.
1565 240 1723 294 LIVI

548 425 832 488 maxime
882 422 951 486 in
1001 444 1068 486 re
1119 420 1349 502 bellica
1399 428 1653 503 potens

2419 238 2574 304 [xvii.
2610 240 2649 293 3

1791 422 1890 485 Ea
1939 427 2006 484 et
2056 419 2310 499 singula
2359 420 2645 484 intuenti

482 537 515 580 4
547 532 615 589 et
667 525 990 599 universa,
1043 524 1212 586 sicut
1266 522 1351 585 ab
1404 522 1545 585 aliis
1597 521 1852 600 regibus
1906 521 2356 601 gentibusque,
2410 521 2508 583 ita
2559 520 2645 583 ab

549 626 669 687 hoc
714 644 975 705 quoque
1016 623 1205 686 facile
1246 628 1587 702 praestant
1643 620 1966 684 invictum
2009 622 2386 683 Romanum
2441 621 2646 700 impe-

482 739 513 781 δ
549 726 735 788 rium.

832 723 978 787 Iam
1014 724 1320 803 primum,
1352 728 1427 784 ut
1455 722 1673 785 ordiar
1723 721 1807 784 ab
1851 721 2127 783 ducibus
2163 721 2641 801 comparandiS‚

549 825 724 888 haud
786 824 1089 904 equidem
1152 823 1369 885 abnuo
1428 822 1756 900 egregium
1815 821 2048 883 ducem
2108 820 2305 883 fuisse
2369 820 2646 884 Alexan-

550 925 767 1001 drum;
813 924 927 987 sed
977 923 1309 986 clariorem
1358 928 1584 984 tamen
1628 937 1779 983 eum
1826 920 2006 997 facit,
2056 920 2231 1002 quod
2279 940 2447 983 unus
2494 920 2641 996 fuit,

550 1024 725 1105 quod
773 1023 1147 1087 adulescens
1191 1022 1259 1083 in
1303 1021 1704 1084 incremento
1749 1041 1984 1096 rerum,
2032 1020 2325 1083 nondum
2371 1020 2643 1083 alteram

483 1135 516 1179 6
549 1125 884 1186 fortunam
960 1128 1288 1202 expertuS,

1370 1121 1663 1184 decessit.

1774 1121 1868 1183 Ut
1947 1119 2104 1183 alios
2182 1140 2360 1200 reges
2441 1120 2645 1183 claros

549 1224 873 1303 ducesque
906 1222 1235 1298 omittam,
1274 1241 1513 1299 magna
1545 1220 1846 1299 exempla
1879 1241 2149 1283 casuum
2184 1221 2641 1296 humanorum,

548 1324 810 1403 Cyrum,
906 1342 1102 1402 quem
1195 1321 1478 1384 maxime
1574 1320 1801 1383 Graeci
1894 1319 2197 1382 laudibus
2292 1319 2641 1394 celebrant,

549 1422 705 1502 quid
760 1421 882 1485 nisi
937 1422 1129 1499 longa
1180 1421 1341 1496 vita,
1395 1420 1565 1483 sicut
1622 1420 1931 1498 Magnum
1986 1419 2181 1482 modo
2236 1419 2641 1499 Pompeium,

482 1534 514 1580 ¹7
550 1522 831 1585 vertenti
872 1521 1177 1601 praebuit
1210 1521 1550 1583 fortunae?
1633 1520 2032 1581 Recenseam
2061 1519 2257 1582 duces
2287 1520 2641 1595 Romanoa

548 1642 664 1685 nec
703 1642 927 1684 omnes
965 1621 1261 1684 omnium
1301 1620 1641 1695 aetatium,
1682 1619 1794 1681 sed
1834 1619 2008 1699 ipsos
2045 1640 2175 1694 eOS,
2218 1639 2368 1682 cum
2408 1619 2644 1699 quibus

501 1747 505 1751 ⁴
548 1722 920 1785 consulibus
976 1728 1092 1784 aut
1146 1720 1579 1783 dictatoribus
1638 1718 2008 1782 Alexandro
2063 1719 2190 1782 fuit
2245 1719 2640 1794 bellandum,

479 1835 511 1878 8
549 1823 633 1884 M.
691 1821 1021 1884 Valerium
1074 1822 1379 1896 Corvum,
1435 1820 1503 1882 C.
1564 1819 1879 1881 Marcium
1933 1819 2255 1895 Rutilum,
2311 1820 2378 1882 C.
2437 1817 2647 1899 Sulpi-

547 1921 740 1998 cium,
787 1922 861 1983 T.
914 1921 1230 1984 Manlium
1274 1921 1706 2000 Torquatum,
1756 1919 1831 1995 Q.
1884 1919 2235 1982 Publilium
2284 1919 2642 1996 Philonem,

547 2023 618 2083 L.
692 2022 1025 2101 Papirium
1095 2022 1453 2096 Cursorem,
1529 2020 1603 2097 Q.
1679 2018 1956 2081 Fabium
2027 2019 2409 2096 Maximum,
2481 2020 2645 2082 duos

480 2137 511 2178 9
549 2123 802 2197 Decios,
851 2123 921 2184 L.
968 2121 1411 2197 Volumnium,
1460 2120 1567 2181 M'.
1598 2120 1902 2182 Curium?
1989 2119 2308 2199 Deinceps
2351 2120 2645 2199 ingentes

547 2229 913 2302 sequuntur
947 2221 1088 2298 viri,
1125 2221 1178 2283 si
1215 2221 1536 2283 Punicum
1573 2220 1874 2282 Romano
1908 2220 2367 2299 praevertisset
2403 2221 2645 2283 bellum

371 2331 381 2344 ·
450 2337 512 2380 10
545 2323 888 2402 seniorque
924 2322 992 2383 in
1029 2320 1293 2383 Italiam
1330 2320 1706 2383 traiecisset.
1770 2320 2024 2382 Horum
2062 2320 2129 2382 in
2166 2320 2458 2400 quolibet
2496 2341 2644 2384 cum

546 2422 793 2485 indoles
826 2422 1075 2497 eadem,
1113 2442 1280 2501 quae
1316 2420 1383 2482 in
1418 2419 1810 2496 Alexandro,
1845 2426 1987 2483 erat
2022 2420 2221 2483 animi
2253 2420 2642 2501 ingeniique,

544 2528 689 2585 tum
727 2521 1071 2602 disciplina
1108 2520 1426 2595 militariS,
1466 2520 1599 2582 iam
1636 2519 1786 2582 inde
1824 2520 1907 2582 ab
1945 2520 2145 2583 initiis
2182 2521 2360 2584 urbis
2396 2521 2646 2585 tradita

543 2642 657 2702 per
687 2642 940 2697 manUS,
972 2622 1038 2683 in
1068 2621 1226 2684 artis
1255 2620 1586 2701 perpetuis
1614 2619 1976 2701 praeceptis
2004 2620 2343 2683 ordinatae
2373 2621 2642 2683 modum

604 2910 652 2953 8.
685 2906 963 2951 intuenti:
1010 2917 1076 2949 sc.
1123 2905 1294 2951 alicui:
1340 2904 1445 2949 dat.
1493 2905 1546 2948 of

538 2975 795 3020 reference.
826 2974 947 3017 with
975 2974 1279 3016 conditional
1307 2975 1454 3017 force.

604 3042 652 3084 5.
686 3042 839 3093 quod
885 3050 1036 3085 unus
1083 3042 1221 3086 ruit:
1268 3042 1412 3084 while
1458 3041 1545 3085 the

541 3109 761 3151 Romans
783 3108 882 3151 had
906 3112 1006 3152 two
1029 3109 1225 3155 consuls
1249 3109 1347 3152 and
1373 3110 1545 3162 yearly

539 3175 812 3217 succession
839 3176 892 3217 in
919 3176 1073 3218 office.
1136 3178 1208 3219 Cf.
1243 3178 1314 3220 18.
1350 3178 1422 3220 13.
1481 3177 1545 3220 ln

537 3241 889 3286 incremento
939 3251 1156 3286 rerum:
1209 3243 1393 3287 “while
1442 3246 1545 3288 still

539 3309 817 3360 advancing
844 3311 896 3352 in
925 3311 1001 3352 his
1031 3311 1326 3353 successe8.’'

602 3378 650 3419 6.
686 3378 900 3421 Graeci:
950 3378 1212 3430 especially
1262 3377 1542 3430 Xenophon

537 3443 589 3485 in
608 3443 683 3485 his
704 3444 1027 3495 Cyropaedia.
1080 3445 1437 3495 Pompeium:
1458 3446 1546 3489 the

537 3515 666 3553 most
698 3510 910 3560 glorious
940 3515 1053 3564 part
1084 3513 1137 3553 of
1167 3512 1431 3563 Pompey's
1460 3512 1546 3556 life

538 3577 695 3619 ended
734 3578 855 3620 wlth
895 3578 972 3620 his
1029 3578 1163 3621 third
1203 3579 1439 3630 triumph.
1483 3581 1540 3622 51

536 3655 585 3687 Β.
612 3656 675 3695 c..
709 3644 849 3688 three
883 3656 1025 3696 years
1060 3645 1228 3689 before
1261 3647 1337 3689 his
1373 3646 1543 3690 death.

535 3712 806 3755 vertenti:
842 3712 929 3755 the
963 3714 1110 3755 altera
1138 3713 1332 3763 fortuna
1366 3712 1541 3763 above,

538 3774 797 3823 “Fortune
821 3780 873 3822 in
897 3780 984 3822 her
1009 3781 1255 3830 changing
1278 3780 1479 3823 mood.”

598 3849 647 3889 ’1.
681 3845 1017 3892 Alexandro:
1042 3846 1147 3890 dat.
1174 3847 1226 3889 ot
1250 3850 1415 3897 agent.

926 2720 1035 2783 Ita
1077 2741 1256 2799 reges
1300 2726 1631 2798 gesserant
1675 2719 1863 2794 bella,
1894 2720 1990 2782 ita
2032 2719 2265 2782 deinde
2306 2728 2644 2785 exactores

1705 2905 1754 2947 8.
1789 2904 2101 2956 Papirium:
2132 2905 2284 2958 easily
2314 2905 2400 2949 the
2429 2910 2646 2958 greatest

1642 2974 1694 3015 of
1722 2974 1809 3016 the
1837 2973 2056 3024 generals
2084 2974 2137 3016 in
2165 2975 2264 3017 this
2292 2974 2391 3018 list.

1703 3042 1754 3083 9.
1787 3040 2047 3091 ingentes
2084 3070 2097 3084 .
2134 3070 2147 3083 .
2184 3070 2198 3085 .
2228 3042 2360 3086 viri:
2402 3053 2510 3094 e.g.‚
2555 3043 2647 3085 Fa·

1642 3108 1823 3151 bricius
1845 3108 1943 3150 and
1959 3108 2308 3152 Coruncanius.
2365 3109 2646 3154 Pumoum

1646 3204 1661 3219 .
1702 3204 1717 3219 .
1757 3203 1772 3218 .
1808 3175 2142 3218 traiecisset:
2177 3176 2255 3219 i.e.
2292 3176 2332 3219 is
2367 3176 2645 3221 Alexander

1642 3241 1741 3285 had
1775 3242 1944 3293 waged
1978 3253 2079 3284 war
2112 3243 2234 3285 with
2268 3243 2510 3293 Carthage
2544 3245 2643 3288 and

1643 3311 1764 3355 then
1789 3321 1927 3352 come
1951 3314 2005 3353 to
2031 3310 2180 3361 Italy.

1707 3378 1787 3420 10.
1821 3379 1958 3420 artis
2005 3377 2288 3428 perpetius
2336 3380 2644 3430 praeceptis

1644 3445 1958 3488 ordinatae:
2005 3455 2060 3486 as
2104 3445 2143 3487 it
2189 3445 2317 3488 their
2362 3449 2547 3496 system
2593 3448 2646 3489 of

1642 3513 1850 3555 wartare
1878 3511 1977 3554 had
2009 3512 2134 3555 been
2162 3512 2373 3555 reduced
2403 3516 2458 3555 to
2488 3523 2518 3555 a
2547 3514 2645 3556 fine

1643 3583 1734 3628 art,
1771 3580 1858 3622 the
1889 3579 2162 3623 successive
2191 3579 2380 3623 leaders
2411 3581 2646 3625 instruct-

1641 3647 1727 3696 ing
1750 3647 1836 3689 the
1860 3650 1979 3690 next
2006 3648 2305 3697 generation.

1707 3715 1787 3756 11.
1821 3715 2053 3766 quibus:
2087 3713 2191 3758 dat.
2227 3714 2279 3757 of
2311 3719 2475 3765 agent.
2542 3715 2646 3759 The

1643 3780 1940 3824 alternative
1965 3781 2169 3833 reading
2194 3782 2486 3834 quibuscum.
2519 3782 2645 3834 Livy

1643 3860 1791 3892 never
1821 3860 1948 3895 uses·
