2975 4367
224 972 284 1013 10

223 1271 280 1312 11

223 1572 285 1613 12

317 273 492 328 xxvii.
533 271 586 337 3]
1170 268 1405 326 LIBER
1445 267 1537 324 111
2344 270 2414 324 85

318 475 429 518 seu
490 475 639 523 cum
697 459 931 530 araret,
990 452 1167 532 operi
1224 459 1416 528 certe,
1475 451 1543 514 id
1601 451 1776 533 quod
1836 457 2115 529 constat,
2176 454 2428 533 agresti

319 554 633 628 intentus,
686 552 897 618 salute
948 553 1107 617 data
1157 552 1226 617 in
1279 552 1486 615 vicem
1539 539 1924 634 redditaqu‘e
1975 560 2261 632 rogatus,
2314 561 2411 631 ut,

320 654 496 735 quod
549 653 711 717 bene
765 661 1047 717 verteret
1097 653 1220 732 ipsi
1271 653 1492 733 reique
1543 652 1860 731 publicae,
1914 658 2181 732 togatus
2232 673 2415 716 man-

321 754 479 817 data
558 760 826 818 senatus
908 752 1183 827 audiret,
1269 752 1630 816 admiratus
1712 751 2129 833 rogitansque
2213 754 2416 818 ‘satin

319 854 565 917 salve?'
644 861 867 934 togam
927 864 1197 933 propere
1232 872 1267 914 e
1303 851 1563 931 tugurio
1599 852 1883 931 proferre
1916 871 2189 915 uxorem
2226 855 2417 917 Raci-

321 954 476 1017 liam
507 954 710 1018 iubet.
776 955 922 1032 Qua
953 952 1144 1017 simul
1173 953 1474 1016 absterso
1493 952 1758 1031 pulvere
1792 972 1865 1014 ac
1899 952 2134 1015 sudore
2162 954 2417 1029 velatus

321 1054 653 1134 processit,
692 1054 1079 1117 dictatorem
1116 1073 1266 1115 eum
1304 1051 1499 1130 legati
1537 1051 1940 1130 gratulantes
1978 1053 2413 1131 consalutant,

320 1154 389 1217 in
436 1153 665 1216 urbem
716 1159 976 1230 vocant,
1029 1153 1138 1233 qui
1190 1159 1397 1214 terror
1443 1152 1529 1214 sit
1578 1151 1646 1213 in
1693 1152 2002 1228 exercitu,
2054 1161 2412 1233 exponunt.

321 1254 528 1318 Navis
561 1253 866 1332 Quinctio
893 1252 1150 1333 publice
1191 1258 1426 1331 parata
1467 1251 1615 1326 fuit,
1661 1258 2242 1332 transvectumque
2283 1259 2415 1317 tres

320 1353 587 1417 obviam
632 1353 865 1433 egressi
912 1353 1027 1414 filii
1070 1352 1425 1430 excipiunt,
1474 1350 1626 1412 inde
1673 1344 1801 1412 alii
1825 1351 2173 1432 propinqui
2219 1359 2418 1434 atque

321 1453 533 1530 amici,
579 1459 723 1516 tum
766 1460 1031 1532 patrum
1076 1451 1281 1514 maior
1321 1472 1491 1531 pars.
1584 1452 1681 1513 Ea
1708 1451 2076 1531 frequentia
2111 1451 2415 1531 stipatus,

321 1553 860 1617 antecedentibus
947 1551 1299 1628 lictoribus,
1358 1549 1681 1614 deductus
1765 1557 1864 1613 est
1949 1551 2238 1613 domum.
2331 1554 2419 1616 Et

320 1653 529 1733 plebis
588 1673 936 1717 concursus
994 1652 1221 1731 ingens
1279 1650 1432 1726 fuit3
1493 1650 1605 1713 sed
1664 1671 1742 1713 ea
1802 1671 2218 1732 nequaquam
2278 1659 2419 1715 tam

322 1754 495 1817 laeta
538 1753 916 1831 Quinctium
959 1751 1146 1828 vidit,
1190 1756 1258 1813 et
1299 1749 1552 1829 imperii
1594 1748 1867 1812 nimium
1909 1757 1976 1813 et
2020 1751 2232 1813 virum
2275 1751 2417 1833 ipso

320 1852 590 1934 imperio
614 1851 1163 1916 vehementiorem
1201 1858 1366 1914 rata.
1458 1851 1546 1912 Et
1583 1849 1692 1911 illa
1731 1850 1994 1930 quidem
2033 1858 2224 1914 nocte
2263 1851 2420 1915 nihil

323 1961 783 2034 praeterquam
824 1952 1167 2032 vigilatum
1206 1959 1307 2014 est
1345 1949 1413 2012 in
1449 1949 1630 2011 urbe.
2469 1949 2473 1953 ’

448 2054 735 2116 XXVII.
776 2054 1046 2116 Postero
1069 2051 1173 2114 die
1194 2050 1501 2126 dictator,
1526 2071 1678 2112 cum
1702 2057 1856 2113 ante
1878 2051 2131 2114 lucem
2115 2074 2182 2114 1n
2205 2018 2417 2116 forum

321 2154 625 2230 venisset,
652 2153 1034 2233 magistrum
1057 2151 1356 2232 equitum
1379 2149 1539 2212 dicit
1565 2151 1634 2211 L.
1655 2152 2088 2230 Tarquitium,
2108 2154 2420 2232 patriciae

321 2254 551 2334 gentis,
616 2254 728 2317 sed
794 2253 925 2333 qui,
992 2272 1140 2316 cum
1203 2250 1533 2331 stipendia
1595 2250 1869 2330 pedibus
1932 2259 2200 2332 propter
2260 2274 2421 2333 pau-

321 2361 648 2433 pertatem
702 2353 979 2429 fecisset,
1035 2351 1203 2415 bello
1258 2357 1484 2414 tamen
1540 2350 1786 2431 primus
1841 2350 2027 2431 longe
2082 2353 2421 2417 Romanae

320 2454 683 2516 iuventutis
757 2453 1022 2516 habitus
1093 2457 1282 2514 esset.
1373 2451 1537 2513 Cum
1611 2451 1920 2529 magistro
1992 2452 2290 2533 equitum
2353 2454 2420 2517 in

323 2553 694 2617 contionem
746 2554 948 2628 venit,
1001 2551 1327 2615 iustitium
1378 2550 1596 2627 edicit,
1652 2550 1863 2613 claudi
1915 2552 2224 2616 tabernas
2274 2560 2421 2618 tota

322 2654 481 2717 urbe
547 2653 750 2730 iubet,
822 2659 1007 2716 vetat
1077 2671 1476 2733 quemquam
1545 2650 1843 2730 privatae
1910 2652 2262 2732 quicquam
2331 2654 2418 2717 rei

323 2774 527 2833 agere.
617 2754 805 2830 Tum,
865 2754 1260 2834 quicumque
1316 2757 1535 2813 aetate
1591 2750 1854 2813 militari
1908 2759 2142 2829 essent,
2184 2755 2421 2827 armati

327 2875 476 2917 cum
530 2853 783 2917 cibariis
836 2854 903 2915 in
955 2853 1091 2916 dies
1145 2851 1432 2931 quinque
1485 2850 1685 2912 coctis
1739 2850 2054 2932 vallisque
2104 2851 2422 2917 duodenis
2507 2850 2510 2854 “

1482 3052 1562 3094 12.
1596 3051 1868 3096 nimium:
1926 3064 1956 3096 a
2015 3055 2173 3099 subst.

1420 3119 1782 3162 mentiorem.

1420 3186 1732 3228 transcendfi

1484 3252 1703 3298 XXVII.
1740 3254 1787 3295 1.
1822 3226 2204 3306 Tarquitium:
2268 3258 2421 3300 tradi-

323 3056 398 3099 Sc.
426 3067 499 3117 res
525 3066 579 3097 as
606 3055 814 3105 subject.
861 3056 951 3096 ³An
977 3053 1320 3104 introductory

322 3120 444 3171 wish
508 3119 559 3161 in
624 3118 888 3169 beginning
952 3116 1127 3159 formal
1180 3117 1323 3159 busi-

322 3196 448 3228 ness,
530 3184 785 3235 togatus:
845 3183 930 3227 the
985 3193 1161 3236 proper
1218 3193 1322 3224 cos-

323 3256 462 3296 tume
509 3253 585 3295 for
634 3255 766 3294 state
813 3252 1049 3294 business
1133 3251 1322 3294 Cincin-

2258 3057 2422 3099 Vehe-

1840 3119 1968 3172 “apt
2026 3121 2307 3175 arbitrarily
2363 3127 2417 3167 to

322 3323 472 3363 natus
511 3330 612 3361 was
652 3318 762 3362 clad
803 3318 921 3370 only
960 3319 1013 3361 in
1052 3318 1127 3360 his
1168 3319 1320 3361 tunic.

324 3387 396 3430 ct.
425 3387 566 3436 Verg.
595 3386 822 3436 Georgics
852 3387 891 3429 1.
921 3387 1011 3428 299
1035 3386 1196 3428 nudus
1219 3395 1319 3432 ara.

321 3464 420 3496 sere
450 3444 628 3496 nudus.'
659 3453 812 3496 satin
832 3452 1015 3496 salve?
1065 3451 1324 3502 colloquial

332 3538 376 3553 ιε
402 3521 579 3563 satisne
612 3520 737 3562 salve
771 3510 906 3570 adis?
942 3520 1022 3561 “is
1056 3518 1121 3561 all
1154 3518 1324 3562 well?''

388 3589 466 3630 10.
501 3587 880 3638 consalutant,
924 3591 1039 3630 etc.:
1081 3590 1200 3630 note
1238 3588 1325 3629 the

321 3655 465 3699 haste
492 3656 543 3698 in
573 3655 659 3698 the
689 3654 981 3706 asyndeton.

388 3716 466 3765 11.
500 3722 762 3767 domum:
804 3722 903 3764 this
943 3723 1048 3772 city
1090 3725 1326 3773 property

323 3788 624 3831 contradicts
651 3787 739 3831 the
766 3787 974 3840 popular
1003 3792 1144 3840 story
1171 3789 1223 3831 ot
1249 3788 1326 3830 his

323 3848 550 3909 po'verty.

1421 3321 1527 3362 tion
1559 3319 1658 3362 had
1687 3320 1905 3371 changed
1934 3322 2019 3364 the
2051 3333 2220 3365 nomen
2244 3324 2423 3367 abomi-

1420 3387 1637 3429 nandum
1662 3387 1714 3429 ot
1746 3386 1832 3431 the
1863 3388 2128 3438 Tarquinii.
2193 3391 2264 3434 Of.
2298 3393 2341 3434 2.
2375 3394 2418 3436 2.

1427 3455 1498 3497 11.
1561 3453 1819 3515 pedibus:
1882 3456 1969 3498 the
2029 3457 2270 3508 patrician
2321 3470 2421 3501 was

1423 3521 1616 3573 usually
1648 3522 1901 3565 mounted.

1486 3590 1536 3631 2.
1569 3588 1882 3634 iustitium:
1940 3600 1971 3633 a
2025 3593 2314 3644 suspension
2370 3594 2424 3638 ot

1423 3653 1548 3705 legal
1577 3655 1812 3699 business.

1487 3723 1536 3765 3.
1570 3721 1815 3766 cibariis:
1882 3724 2158 3768 “raucus''
2287 3726 2423 3771 duo-

1424 3788 1606 3833 denis:
1637 3790 1723 3833 the
1752 3790 1891 3832 usual
1920 3791 2127 3835 number
2155 3803 2256 3835 was
2285 3794 2423 3837 three

1425 3867 1480 3898 or
1508 3857 1633 3900 four.
1694 3857 1978 3901 adessent:
2008 3859 2263 3911 “reporte’
2320 3860 2422 3904 The
