2975 4367
301 281 307 285 ·
392 267 587 320 xxviii.
636 265 719 330 10]

330 1262 363 1305 6
396 1248 560 1310 riore
613 1254 799 1327 parte
853 1254 1068 1310 castra
1120 1247 1407 1309 hostium
1460 1253 1940 1325 oppugnentur.

331 1564 362 1608 7
397 1567 523 1628 que
557 1555 745 1628 parte
780 1568 915 1610 rem
950 1548 1018 1609 in
1052 1546 1419 1609 discrimine
1440 1567 1598 1609 esse.

331 2063 364 2105 8
398 2048 605 2110 lucem
658 2053 777 2109 est.

332 2463 363 2505 9
397 2448 691 2511 instabat
750 2469 924 2511 nova
983 2466 1228 2527 pugna;
1288 2444 1397 2508 illa
1455 2443 1614 2507 nihil
1674 2445 2008 2508 remiserat
2043 2445 2234 2524 prior.

303 2963 362 3004 10

393 449 663 529 imperio
725 450 982 526 signum
1044 453 1342 510 secutum
1404 452 1523 510 est.

1246 263 1483 318 LIBER
1522 264 1617 317 111

2423 267 2494 322 87

1616 446 1802 510 Iussa
1863 446 2044 511 miles
2091 447 2486 528 exsequitur.

394 547 651 639 Clamor
707 548 926 610 hostes
992 547 1427 609 circumsonat
1438 567 1454 622 ς
1520 553 1786 626 superat
1851 547 2001 610 inde
2068 553 2283 610 castra
2347 547 2493 610 hos-

329 665 361 706 4
396 649 561 711 tium
617 654 686 711 et
741 648 809 710 in
864 653 1081 710 castra
1135 646 1413 709 consulis
1470 646 1689 722 venit:
1736 645 1888 709 alibi
1945 666 2276 726 pavorem,
2337 645 2489 709 alibi

396 748 707 828 gaudium
760 748 985 826 ingens
1038 746 1215 809 facit.

1307 746 1592 809 Romani
1645 746 1899 809 civilem
1952 767 2089 810 esse
2143 745 2490 809 clamorem

397 855 597 928 atque
663 846 979 910 auxilium
1046 846 1269 909 adesse
1334 846 1505 909 inter
1568 866 1637 909 se
1703 844 2106 926 gratulantes
2172 846 2343 908 ultro
2409 866 2493 909 ex

330 965 361 1006 5
394 948 792 1011 stationibus
833 968 907 1010 ac
949 946 1180 1026 vigiliis
1220 947 1528 1010 territant
1569 947 1843 1010 hostem.
1929 945 2165 1008 Consul
2192 946 2494 1009 differen-

395 1048 554 1110 dum
593 1053 816 1126 negat:
855 1047 963 1109 illo
1002 1045 1281 1110 clamore
1319 1068 1450 1109 non
1491 1046 1851 1110 adventum
1890 1046 2085 1109 modo
2123 1046 2488 1125 significari,

396 1147 509 1210 sed
551 1168 686 1211 rem
729 1148 814 1210 ab
852 1147 985 1210 suis
1027 1155 1355 1226 coeptam;
1396 1147 1765 1226 mirumque
1803 1167 1961 1222 esse,
2003 1147 2071 1208 ni
2125 1146 2256 1209 iam
2310 1153 2492 1209 exte-

2032 1246 2268 1326 Itaque
2303 1266 2488 1309 arma

396 1368 548 1411 suos
582 1367 811 1427 capere
843 1353 912 1409 et
945 1367 1014 1409 se
1047 1346 1354 1426 subsequi
1389 1332 1591 1409 iubet.
1685 1346 1892 1408 Nocte
1914 1346 2152 1408 initum
2176 1344 2492 1426 proelium

395 1455 495 1510 est
506 1468 523 1524 ;
569 1448 925 1526 legionibus
968 1446 1308 1508 dictatoris
1352 1447 1633 1509 clamore
1675 1447 2042 1525 significant
2087 1445 2171 1509 ab
2213 1466 2292 1509 ea
2333 1466 2495 1526 quo-

1691 1547 1833 1609 Iam
1867 1567 1935 1609 se
1970 1545 2052 1608 ad
2089 1544 2495 1626 prohibenda

397 1648 781 1710 circumdari
814 1668 1013 1727 opera
1046 1647 1255 1727 Aequi
1289 1647 1634 1726 parabant,
1671 1667 1820 1708 cum
1855 1646 1939 1709 ab
1971 1646 2274 1708 interiore
2307 1646 2494 1708 hoste

397 1747 639 1827 proelio
690 1759 942 1826 coepto,
995 1767 1076 1809 ne
1126 1767 1240 1826 per
1289 1746 1504 1809 media
1551 1767 1671 1809 sua
1720 1753 1936 1809 castra
1984 1746 2165 1809 fieret
2213 1745 2492 1824 erupti0,

398 1869 437 1910 a
497 1847 941 1910 munientibus
1001 1846 1084 1909 ad
1145 1853 1514 1926 pugnantes
1573 1847 1926 1909 introrsum
1986 1845 2154 1908 versi
2214 1865 2494 1907 vacuam

397 1955 658 2010 noctem
724 1947 902 2026 operi
970 1946 1202 2009 dedere
1214 1967 1230 2022 ;
1298 1953 1796 2026 pugnatumque
1864 1966 2013 2008 cum
2081 1943 2341 2008 consule
2410 1944 2493 2007 ad

870 2048 1041 2110 Luce
1087 2047 1305 2126 ⁴prima
1356 2046 1488 2108 iam
1543 2045 2014 2108 circumvallati
2056 2045 2141 2108 ab
2172 2044 2495 2108 dictatore

395 2155 604 2223 erant,
644 2153 712 2210 et
752 2147 865 2208 vix
903 2147 1213 2210 adversus
1252 2166 1457 2208 unum
1495 2146 1853 2208 exercitum
1892 2165 2181 2224 pugnam
2217 2145 2496 2207 sustine-

397 2248 578 2311 bant.

668 2248 838 2309 Tum
912 2268 951 2310 a
1023 2246 1415 2323 Quinctiano
1487 2245 1797 2320 exercitu,
1874 2245 1986 2324 qui
2059 2244 2401 2307 confestim
2456 2265 2495 2307 a

398 2348 684 2427 perfecto
741 2367 934 2427 opere
992 2347 1073 2410 ad
1132 2367 1315 2410 arma
1370 2346 1582 2420 rediit,
1634 2345 1970 2407 invaditur
2011 2343 2276 2418 vallum.
2369 2344 2493 2406 Hic

2323 2444 2493 2505 Tum

400 2548 668 2627 ancipiti
726 2546 897 2610 malo
956 2557 1244 2625 urgente,
1306 2567 1345 2608 a
1402 2545 1643 2625 proelio
1701 2544 1784 2607 ad
1843 2564 2062 2624 preces
2118 2543 2286 2607 versi
2343 2544 2492 2606 hinc

398 2647 808 2724 dictatorem,
867 2648 1014 2709 hinc
1072 2646 1400 2709 consulein
1456 2664 1661 2721 orare,
1718 2665 1800 2707 ne
1854 2644 1922 2706 in
1975 2644 2305 2707 occidione
2362 2643 2495 2705 vic-

399 2748 634 2811 toriam
677 2757 1014 2828 ponerent,
1040 2756 1117 2808 ut
1157 2746 1433 2808 inermes
1474 2765 1542 2807 se
1584 2744 1734 2807 inde
1777 2744 1954 2807 abire
1994 2745 2298 2807 sinerent.

2390 2743 2493 2805 Ab

399 2848 657 2911 consule
705 2847 788 2910 ad
835 2847 1225 2915 dictatorem
1271 2844 1361 2908 ire
1407 2845 1563 2907 iussi
1574 2864 1590 2920 ;
1636 2844 1690 2907 is
1735 2843 2155 2922 ignominiam
2201 2843 2492 2905 infensus

397 2947 651 3010 addidit
662 2968 678 3024 ;
738 2947 1105 3010 Gracchum
1163 2944 1474 3008 Cloelium
1533 2944 1765 3006 ducem
1825 2943 2275 3023 principesque
2334 2942 2493 3005 alios

984 3191 1089 3200 .—

460 3251 509 3295 5.
542 3249 757 3294 mltum
805 3281 818 3294 .
868 3280 881 3294 .
931 3280 944 3294 .
989 3250 1074 3294 nl:
1118 3247 1390 3298 colloquial,

399 3321 557 3370 “very
586 3319 785 3369 likely.''

460 3385 506 3430 8.
541 3395 663 3430 rem
729 3386 793 3428 111
861 3385 1184 3428 discrimine
1253 3391 1394 3426 me:

400 3455 548 3498 “that
577 3454 662 3496 the
687 3453 810 3503 fight
837 3463 937 3495 was
963 3451 1079 3494 on.''

458 3524 507 3565 7.
541 3528 784 3564 vacuam
828 3548 842 3562 .
888 3548 901 3562 .
947 3548 960 3562 .
1002 3519 1223 3562 dedere:
1264 3518 1392 3560 “left

398 3592 498 3633 free
530 3589 656 3640 forst
690 3598 745 3630 so
778 3587 889 3630 that
925 3587 1102 3636 during
1134 3586 1220 3629 the
1252 3586 1392 3636 night

396 3658 481 3701 the
522 3656 745 3706 rescuing
786 3656 942 3698 forces
984 3659 1074 3706 put
1118 3663 1148 3695 a
1190 3653 1394 3695 circum-

395 3725 632 3769 vallation
654 3723 809 3765 about
833 3723 918 3765 the
943 3721 1113 3771 Aequi.
1137 3720 1248 3763 who
1269 3730 1394 3762 were

397 3792 513 3834 thus
556 3790 739 3841 caught
787 3789 1008 3831 between
1052 3791 1151 3830 two
1197 3786 1393 3828 Roman

394 3860 583 3902 armies

1557 3247 1605 3289 8.
1642 3246 2000 3299 Quinctiano:
2031 3265 2072 3279 =
2103 3244 2337 3298 Quinctii,-
2413 3256 2494 3289 see

1494 3315 1747 3360 Introd.V.
1763 3319 1805 3358 2.
1819 3317 1867 3359 d.
1899 3313 2141 3357 vallum:
2157 3314 2207 3355 of
2223 3314 2307 3356 the
2320 3314 2492 3363 Aequi.

1554 3383 1604 3426 9.
1638 3390 1710 3425 ne
1754 3411 1768 3425 .
1813 3410 1827 3425 .
1873 3411 1887 3425 .
1927 3381 2225 3432 ponerent:
2267 3380 2396 3423 “not
2436 3383 2493 3423 to

1492 3449 1637 3492 make
1650 3450 1844 3499 victory
1858 3448 2039 3499 signify
2050 3447 2177 3490 total
2192 3446 2496 3497 slaughter.”

1556 3518 1635 3560 1⁰.
1671 3516 1987 3562 Gracchum
2012 3513 2304 3560 Cloelium:
2327 3524 2406 3556 see
2428 3524 2494 3556 on

1497 3585 1537 3627 1.
1569 3584 1645 3627 46.
1677 3585 1722 3626 4.
1788 3583 1866 3625 He
1893 3592 1995 3625 was
2024 3581 2156 3632 lonae
2185 3580 2408 3632 princeps
2435 3580 2493 3623 in

1493 3651 1671 3701 Aequis
1699 3652 1793 3699 (25.
1818 3650 1888 3700 5).
1945 3648 2158 3692 decedi:
2179 3646 2493 3699 impersonal.

1498 3718 1625 3761 “the
1663 3718 1957 3760 evacuation
1996 3716 2099 3759 of.’'
2175 3714 2495 3765 sanguinis:

1493 3786 1579 3828 the
1611 3785 1825 3835 genitive
1854 3784 1976 3826 with
2009 3792 2135 3833 caere
2163 3782 2207 3825 is
2236 3791 2358 3831 rare.
2392 3779 2494 3825 and

1493 3852 1703 3904 perhaps
1728 3850 2004 3901 colloquial.
