2975 4367
236 743 298 784 12

238 1143 299 1185 13

239 1343 301 1386 14

241 1544 303 1588 15

242 1945 305 1988 16

241 2446 301 2489 1'7

334 244 470 300 xvii.
513 243 598 312 17]
1199 242 1438 296 LIBER
1475 242 1564 296 lx
2336 245 2435 297 155

334 446 560 506 regum
626 425 798 488 Iunii
863 425 1250 505 Valeriique,
1318 425 1414 487 ita
1478 424 1781 502 deinceps
1848 424 2052 500 Fabii,
2122 424 2429 500 Quinctii,

335 525 629 601 Cornelii,
685 526 781 588 ita
834 526 1067 589 Furius
1121 524 1448 600 CamilluS,
1506 544 1701 604 quem
1755 524 2020 586 iuvenes
2072 523 2136 599 ii,
2195 524 2433 604 quibus

335 646 484 688 cum
569 625 939 687 Alexandro
1024 625 1469 688 dimicandum
1554 629 1716 700 erat,
1803 644 2024 687 senem
2110 623 2430 687 viderant.

335 725 643 788 Militaria
688 746 887 804 opera
932 725 1285 806 pugnando
1332 724 1604 787 obeunti
1651 724 2021 787 Alexandro
2049 758 2132 767 -—-
2156 744 2310 786 nam
2356 744 2436 786 ea

335 846 594 906 quoque
670 825 845 887 haud
922 825 1136 887 minus
1211 825 1459 887 clarum
1531 845 1683 887 eum
1756 824 2007 887 faciunt
2035 858 2117 867 ———
2141 824 2435 887 cessisset

335 926 637 989 videlicet
702 925 770 987 in
834 925 968 988 acie
1032 925 1293 988 oblatus
1357 945 1477 1006 par
1541 924 1818 987 Manlius
1879 925 2254 1004 Torquatus
2319 929 2435 986 aut

335 1025 630 1089 Valerius
704 1026 972 1101 Corvus,
1048 1024 1329 1105 insignes
1403 1030 1557 1087 ante
1632 1024 1868 1086 milites
1943 1044 2143 1104 quam
2216 1023 2432 1099 duces,

336 1126 674 1188 cessissent
730 1126 911 1188 Decii
977 1125 1234 1188 devotis
1286 1125 1662 1205 corporibus
1714 1124 1781 1187 in
1842 1126 2098 1187 hostem
2150 1130 2431 1199 ruenteS,

338 1226 632 1288 cessisset
670 1225 968 1304 Papirius
1003 1227 1237 1288 Cursor
1272 1225 1381 1288 illo
1418 1225 1701 1305 corporis
1736 1225 1983 1299 robore,
2064 1223 2172 1286 illo
2209 1222 2434 1286 animi!

336 1326 567 1389 Victus
601 1332 771 1388 esset
808 1326 1089 1388 consiliis
1125 1324 1377 1388 iuvenis
1412 1346 1623 1401 unmS,
1653 1344 1734 1387 ne
1761 1324 2046 1403 singulos
2081 1323 2432 1398 nominem,

337 1433 604 1489 senatus
654 1426 778 1502 ille,
833 1447 1029 1506 quem
1080 1427 1192 1506 qui
1240 1446 1325 1489 ex
1373 1425 1630 1504 regibus
1680 1432 1977 1487 constare
2027 1423 2214 1499 dixit,
2267 1443 2435 1485 unus

340 1548 560 1590 veram
623 1528 905 1606 speciem
970 1527 1255 1590 Romani
1316 1536 1584 1588 senatus
1638 1525 1836 1603 cepit!
1943 1523 2021 1585 Id
2078 1544 2231 1586 vero
2294 1529 2436 1585 erat

340 1627 716 1707 periculum,
787 1647 868 1689 ne
934 1626 1256 1690 sollertius
1323 1646 1523 1705 quam
1592 1624 1863 1705 quilibet
1930 1644 2098 1687 unus
2165 1644 2247 1686 ex
2314 1623 2432 1699 his,

341 1748 502 1807 quos
549 1727 903 1804 nominavi,
944 1726 1173 1789 castris
1220 1725 1433 1788 locum
1482 1731 1761 1804 caperet,
1801 1731 2206 1788 commeatus
2241 1743 2436 1802 expe-

340 1827 527 1901 diret,
581 1827 664 1889 ab
712 1827 959 1889 insidiis
1005 1831 1444 1906 praecaveret,
1496 1831 1757 1904 tempus
1803 1844 2060 1904 pugnae
2106 1823 2433 1901 deligeret,

341 1927 540 1989 aciem
606 1927 974 2003 instrueret,
1037 1925 1341 1988 subsidiis
1404 1925 1710 1986 firmaret.
1818 1923 1965 1986 Non
2027 1944 2176 1987 cum
2224 1924 2437 1986 Dareo

339 2047 474 2088 rem
519 2047 657 2089 esse
702 2026 993 2102 dixisset,
1043 2045 1238 2106 quem
1285 2023 1629 2087 mulierum
1675 2022 1748 2087 ac
1792 2023 2160 2103 spadonum
2207 2043 2438 2102 agmen

339 2126 731 2202 trahentem,
809 2126 978 2187 inter
1052 2144 1412 2205 purpuram
1489 2130 1689 2204 atque
1765 2145 2016 2200 aurum,
2093 2130 2438 2186 oneratum

339 2226 639 2289 fortunae
696 2226 1117 2310 apparatibus
1170 2245 1344 2300 suae,
1400 2224 1715 2304 praedam
1776 2225 1988 2286 verius
2057 2245 2255 2304 quam
2325 2225 2439 2285 ho-

337 2333 526 2402 stem,
582 2326 739 2389 nihil
796 2326 969 2388 aliud
1032 2346 1231 2405 quam
1293 2325 1458 2387 bene
1522 2345 1716 2386 ausus
1770 2345 1943 2387 vana
2002 2331 2434 2398 contemnere,

336 2427 713 2489 incruentus
777 2426 1035 2488 devicit.
1147 2426 1365 2503 Longe
1429 2424 1592 2486 alius
1651 2424 1880 2486 Italiae
1944 2445 2143 2503 quam
2188 2422 2434 2498 Indiae,

337 2546 452 2604 per
527 2526 748 2606 quam'
802 2525 1164 2588 temulento
1243 2525 1497 2603 agmine
1573 2523 2079 2586 comisabundus
2153 2522 2433 2597 incessit,

340 2626 516 2687 visus
549 2625 638 2686 illi
672 2625 939 2687 habitus
971 2631 1162 2699 esset,
1197 2624 1404 2686 saltus
1437 2623 1712 2703 Apuliae
1747 2645 1818 2686 ac
1854 2629 2107 2686 montes
2141 2624 2437 2685 Lucanos

338 2726 625 2788 cernenti
700 2731 767 2788 et
845 2725 1124 2803 vestigia
1199 2724 1484 2786 recentia
1559 2723 1952 2786 domesticae
2027 2722 2246 2798 cladiS,
2324 2722 2436 2784 ubi

339 2824 699 2887 avunculus
749 2825 887 2887 eius
936 2845 1162 2903 nuper,
1217 2823 1398 2902 Epiri
1446 2844 1560 2886 rex
1611 2823 1994 2898 Alexander,
2048 2822 2436 2901 absumptus

400 3045 479 3086 12.
513 3042 797 3087 videlicet:
848 3042 1070 3094 strongly
1119 3040 1337 3085 ironical.

336 3111 410 3154 Its
442 3112 572 3153 force
603 3111 861 3153 continues
882 3111 1003 3153 with
1033 3111 1196 3154 Victus
1226 3111 1340 3152 esset

336 3178 435 3220 and
464 3178 505 3219 is
535 3177 756 3220 renewed
787 3178 838 3219 in
868 3188 972 3220 vero
1008 3178 1127 3227 (15).
1193 3176 1340 3220 obla-

336 3246 431 3289 tus
458 3252 580 3295 par:
609 3245 686 3287 “if
712 3245 872 3297 pitted
901 3246 1094 3294 against
1120 3245 1276 3286 him.”

401 3313 480 3355 u.
514 3312 613 3363 qui
651 3342 664 3355 .
702 3342 714 3354 .
752 3342 765 3354 .
799 3312 964 3356 dixit:
998 3313 1184 3359 Cineas,
1219 3322 1341 3354 once

336 3391 366 3421 a
391 3380 779 3426 representative
804 3381 856 3422 or
883 3379 1017 3429 King
1043 3379 1260 3429 Pyrrhus
1286 3383 1338 3420 at

338 3446 510 3489 Rome.
541 3480 542 3483 ,
582 3447 673 3488 His
710 3450 979 3489 statement
1017 3447 1069 3488 of
1104 3447 1191 3489 the
1227 3445 1340 3487 doc-

337 3512 466 3555 trine
510 3513 562 3554 οἳ
608 3512 864 3564 Epicurus.
913 3523 1034 3563 very
1078 3512 1339 3563 indirectly

336 3580 582 3629 reported.
608 3579 649 3621 is
673 3579 759 3622 the
782 3579 913 3621 basis
937 3581 989 3621 of
1014 3580 1220 3622 Cicero's
1245 3579 1341 3621 dis-

336 3646 531 3688 cussion
558 3646 610 3689 in
639 3647 699 3690 de
728 3649 837 3691 Sen.
863 3648 922 3689 43
938 3646 991 3690 ff.

401 3714 482 3755 16.
516 3712 866 3756 trahentem:
890 3724 955 3756 sc.
980 3724 1150 3756 secum.
1196 3713 1340 3757 nihil

342 3810 356 3823 .
393 3809 407 3822 .
446 3810 459 3823 .
493 3780 878 3823 contemnere:
913 3781 1073 3823 “with
1106 3791 1170 3822 no
1203 3785 1338 3829 great

338 3848 513 3897 daring
542 3851 717 3899 except
749 3848 860 3891 that
893 3848 956 3891 he
986 3848 1213 3899 properly
1245 3846 1341 3889 dis-

1436 3041 1671 3092 regarded
1699 3042 1785 3086 the
1809 3041 1925 3085 vain
1953 3041 2139 3085 show.”

1502 3111 1585 3153 17:
1619 3109 1782 3154 alius.
1805 3110 1925 3152 with
1948 3110 2148 3158 habitus,
2176 3110 2436 3163 “aspect’'

1438 3178 1901 3221 comsabundus:
1931 3176 2019 3220 See
2037 3176 2227 3220 Introd.
2255 3180 2308 3222 V.
2337 3182 2376 3220 2.
2396 3191 2431 3222 e.

1439 3244 1716 3288 Alexander
1753 3247 1804 3287 in
1842 3245 2066 3287 drunken
2106 3244 2297 3295 revelry
2330 3245 2438 3287 imi-

1439 3311 1579 3354 tated
1644 3323 1674 3353 a
1738 3312 2099 3354 Bacchanalian
2161 3312 2437 3363 procession

1439 3379 1654 3429 through
1669 3380 1798 3421 Asia.
1851 3379 1952 3421 Hoc
1966 3380 2101 3421 modo
2118 3389 2200 3428 per
2220 3379 2320 3421 dies
2342 3380 2438 3421 VII

1439 3446 1821 3489 bacchabundum
1856 3457 2022 3497 acmen
2056 3447 2261 3496 incessit,
2301 3447 2435 3491 Curt.

1441 3514 1571 3556 Hist.
1600 3512 1737 3556 Alex.
1764 3515 1794 3556 9
1841 3515 1913 3556 10.
1942 3515 2015 3556 27.
2075 3507 2437 3558 domesticae:

1438 3580 1697 3631 explained
1727 3581 1795 3630 by
1823 3581 2087 3622 avunculus
2115 3580 2232 3622 eius.
2295 3580 2439 3623 Alex-

1439 3647 1591 3689 ander
1627 3647 1865 3689 Molossus
1898 3646 2008 3689 who
2042 3645 2140 3688 had
2176 3645 2317 3689 aided
2353 3647 2440 3689 the

1440 3714 1727 3756 Tarentines
1755 3714 1947 3763 against
1977 3713 2064 3755 the
2092 3713 2311 3755 Romans
2338 3723 2439 3755 was

1438 3781 1586 3823 killed
1613 3781 1682 3831 by
1707 3792 1738 3824 a
1765 3782 2017 3824 Lucanian
2049 3782 2111 3829 (8.
2141 3782 2214 3823 24.
2248 3780 2311 3829 1).
