2975 4367
451 212 522 268 24
1367 206 1431 261 T.
1469 206 1629 262 L1V1
1811 271 1820 280 ,
2498 208 2561 277 [3

401 422 404 425 ’
453 395 710 458 iuvabit
743 399 970 457 tamen
1004 411 1219 454 rerum
1255 397 1587 471 gestarum
1623 389 1973 454 memoriae
2007 388 2317 470 principis
2350 395 2559 453 terra-

455 517 601 558 rum
648 494 873 575 populi
919 514 1037 573 pro
1086 492 1253 554 virili
1299 499 1488 573 parte
1536 498 1604 555 et
1649 491 1867 573 ipsum
1916 491 2312 553 consuluisse
2321 510 2339 568 ;
2386 495 2455 553 et
2505 490 2561 551 si

454 596 525 658 in
582 601 775 658 tanta
833 594 1223 674 scriptorum
1282 594 1480 656 turba
1542 613 1688 655 mea
1747 592 1926 654 fama
1984 591 2054 655 in
2112 591 2388 653 obscuro
2448 590 2557 666 sit,

457 696 801 759 nobilitate
835 714 908 757 ac
942 693 1393 773 magnitudine
1424 713 1650 756 eorum
1684 713 1807 768 me,
1843 692 1956 774 qui
1989 690 2237 754 nomini
2270 690 2559 753 officient

390 808 422 851 4
456 816 620 874 me0,
661 794 966 857 consoler.
1057 794 1188 856 Res
1231 801 1331 857 est
1377 799 1715 875 praeterea
1758 799 1825 856 et
1872 792 2172 855 immensi
2209 791 2441 871 operiS,
2480 795 2560 852 ut

460 916 628 976 quae
666 894 863 975 snpra
902 894 1552 975 septingentesimum
1594 914 1840 956 annum
1881 898 2236 972 repetatur,
2279 898 2348 954 et
2389 908 2562 972 quae

462 996 546 1058 ab
573 995 821 1075 exiguis
849 995 1143 1076 profecta
1171 994 1373 1057 initiis
1399 1015 1476 1057 eo
1509 993 1803 1071 creverit,
1834 1000 1913 1056 ut
1941 992 2074 1055 iam
2107 990 2564 1071 magnitudine
2624 1014 2628 1020 ·

462 1095 710 1158 laboret
764 1114 883 1157 sua
893 1115 908 1172 3
963 1101 1030 1157 et
1087 1093 1438 1174 legentium
1494 1094 1818 1175 plerisque
1877 1093 2055 1156 haud
2109 1091 2345 1155 dubito
2400 1090 2565 1173 quin

461 1195 707 1275 primae
746 1195 1021 1273 origines
1059 1196 1487 1275 proximaque
1526 1194 1882 1274 originibus
1923 1193 2138 1255 minus
2177 1191 2563 1273 praebitura

462 1295 821 1375 voluptatis
871 1294 1000 1357 sint
1052 1294 1516 1357 festinantibus
1557 1294 1642 1357 ad
1691 1295 1848 1357 haec
1897 1314 2090 1369 nova,
2136 1292 2377 1374 quibus
2424 1291 2562 1354 iam

393 1409 426 1453 5
460 1395 710 1474 pridem
747 1393 1183 1474 praevalentis
1219 1394 1443 1474 populi
1483 1395 1652 1456 vires
1693 1413 1761 1456 se
1801 1395 1982 1474 ipsae
2020 1393 2402 1465 conficiunt;
2440 1410 2561 1470 ego
2638 1388 2642 1391 ’

463 1501 691 1557 contra
745 1495 865 1557 hoc
922 1512 1183 1574 quoque
1232 1492 1471 1556 laboris
1521 1495 1885 1574 praemium
1936 1499 2181 1574 petam,
2235 1498 2313 1554 ut
2366 1510 2472 1554 me
2524 1511 2565 1554 a

463 1600 811 1674 conspectu
870 1593 1209 1670 malorum,
1264 1613 1432 1674 quae
1484 1601 1710 1657 nostra
1774 1600 1880 1658 tot
1945 1615 2063 1675 per
2128 1612 2335 1657 annos
2388 1591 2561 1655 vidit

464 1700 663 1770 aetaS‚
692 1695 1016 1773 tantisper
1051 1699 1242 1769 certe,
1281 1694 1440 1756 dum
1474 1694 1689 1773 prisca
1725 1694 1833 1757 illa
1866 1700 2016 1758 tota
2051 1700 2271 1757 mente
2307 1697 2556 1773 repet0,

465 1800 779 1870 avertam,
833 1793 1043 1855 omnis
1092 1812 1322 1873 expers
1373 1814 1583 1870 curae,
1638 1814 1806 1875 quae
1856 1795 2198 1857 scribentis
2264 1793 2559 1856 animum

462 1893 585 1955 etsi
621 1915 752 1956 non
789 1893 1043 1955 flectere
1080 1914 1120 1956 a
1156 1913 1329 1970 vero,
1367 1893 1717 1956 sollicitum
1753 1900 1979 1957 tamen
2021 1894 2271 1957 efficere
2313 1897 2555 1974 posset.

395 2007 429 2051 σ
588 1993 770 2069 Quae
832 2000 986 2055 ante
1049 1993 1382 2055 conditam
1446 1994 1938 2057 condendamve
1999 1996 2228 2056 urbem
2290 1992 2564 2075 poeticis

466 2093 670 2172 magis
717 2093 949 2155 decora
996 2092 1235 2155 fabulis
1282 2113 1485 2174 quam
1532 2093 1925 2174 incorruptis
1970 2115 2185 2157 rerum
2233 2101 2563 2174 gestarum

465 2194 905 2255 monumentis
959 2193 1333 2269 traduntur,
1392 2213 1471 2255 ea
1528 2214 1643 2255 nec
1703 2195 2047 2258 adfirmare
2104 2215 2220 2257 nec
2276 2193 2564 2257 refellere

401 2308 431 2353 7
464 2292 533 2355 in
569 2293 784 2355 animo
844 2299 963 2354 est.
1056 2294 1270 2355 Datur
1329 2294 1486 2355 haec
1550 2294 1741 2357 venia
1802 2295 2206 2376 antiquitati,
2268 2301 2347 2357 ut
2411 2294 2563 2356 mis-

467 2392 669 2454 cendo
745 2393 1034 2455 humana
1107 2393 1347 2455 divinis
1421 2393 1778 2473 primordia
1850 2396 2112 2457 urbium
2188 2395 2565 2475 augustiora

466 2492 692 2569 faciat;
748 2496 817 2554 et
874 2493 927 2554 si
985 2492 1088 2553 cui
1145 2493 1386 2572 populo
1446 2492 1634 2555 licere
1693 2501 1953 2575 oportet
2012 2514 2383 2558 consecrare
2441 2494 2566 2557 ori-

466 2592 643 2670 gines
694 2610 846 2653 suas
898 2597 965 2653 et
1020 2592 1102 2654 ad
1157 2592 1313 2654 deos
1365 2592 1601 2655 referre
1655 2602 1971 2670 auctoreS‚
2027 2616 2106 2657 ea
2157 2595 2306 2657 belli
2360 2594 2563 2675 gloria

463 2697 563 2753 est
621 2690 861 2771 populo
923 2692 1242 2768 Roman0‚
1304 2698 1399 2768 ut,
1464 2713 1612 2753 cum
1672 2713 1863 2755 suum
1924 2695 2406 2776 conditorisque
2464 2695 2565 2756 sui

485 2928 487 2931 Α
526 2877 576 2919 4.
609 2884 721 2920 rec:
755 2875 876 2919 with
912 2886 1032 2927 quae
1067 2908 1080 2920 .
1119 2908 1131 2920 .
1170 2908 1182 2920 .
1217 2876 1467 2927 repetatur,
1633 2879 1681 2922 δ.
1715 2880 1784 2923 ut
1827 2910 1839 2922 .
1883 2910 1895 2922 .
1940 2910 1952 2922 .
1990 2879 2271 2924 avertam:
2307 2879 2358 2922 ln
2396 2889 2568 2931 appOS.

466 2946 551 2988 the
591 2949 722 2987 state
761 2955 815 2986 as
858 2945 984 2986 “the
1024 2945 1252 2995 subject”
1293 2946 1344 2986 of
1384 2944 1470 2987 the
1568 2947 1689 2990 with
1714 2949 1998 2998 praemium.
2055 2955 2200 2998 quae
2230 2977 2244 2990 .
2274 2976 2289 2990 .
2320 2974 2333 2989 .
2358 2949 2571 2998 ponet:

465 3012 816 3061 undertaking:
846 3012 967 3054 with
996 3022 1116 3061 quae
1147 3043 1159 3055 .
1192 3042 1205 3054 .
1238 3042 1250 3055 .
1281 3012 1471 3055 crevent
1568 3012 1799 3065 apodosis
1828 3018 1881 3060 of
1908 3025 1974 3057 an
2004 3013 2203 3066 implied
2232 3013 2279 3056 si
2307 3012 2420 3056 haec
2448 3022 2572 3056 nova

475 3096 517 3111 =
552 3088 626 3120 res
653 3078 843 3128 publica
918 3086 1007 3122 σοι
1045 3096 1087 3111 =
1122 3080 1253 3121 ade0.
1314 3086 1471 3128 prox-

465 3145 606 3188 ima:
669 3144 787 3187 used
840 3145 1219 3195 substantively,
1274 3157 1329 3189 as
1388 3155 1471 3187 are

465 3222 586 3254 nova
609 3211 707 3253 and
742 3211 901 3261 prisca
932 3212 1099 3261 below,
1156 3212 1245 3254 See
1277 3211 1468 3255 Introd.
1497 3235 1498 3240 =

468 3281 526 3324 V.
573 3284 616 3323 2.
662 3292 707 3322 a.
789 3278 925 3322 haec
969 3287 1141 3321 nova:
1204 3283 1377 3321 events
1419 3280 1470 3321 of

467 3347 637 3398 Livy’s
709 3356 820 3388 own
893 3347 1007 3397 day,
1064 3347 1325 3398 especially
1384 3347 1471 3389 the

466 3411 583 3457 civil
626 3422 768 3456 wars,
831 3420 890 3455 ιο
935 3412 1088 3463 ipsae
1133 3412 1470 3456 conficiunt:

466 3479 588 3524 with
639 3479 741 3523 iam
787 3479 970 3531 pridem
1027 3497 1069 3512 ==
1125 3478 1295 3523 “have
1347 3480 1470 3523 been

466 3546 687 3598 working
749 3546 877 3590 their
938 3558 1049 3590 own
1111 3546 1274 3596 ruln,’'
1369 3546 1473 3590 The

371 3627 376 3632 ·
468 3614 712 3658 intensive
738 3624 978 3667 pronoun,
1007 3614 1197 3664 though
1225 3614 1473 3664 strength-

470 3682 615 3731 ening
642 3681 727 3724 the
748 3681 978 3724 reflexive
1007 3681 1056 3723 in
1093 3680 1210 3724 such
1236 3692 1266 3723 a
1288 3681 1475 3723 combi-

470 3750 656 3798 nation,
712 3759 878 3798 agrees
929 3748 1171 3800 regularly
1215 3748 1336 3792 with
1387 3748 1473 3791 the

470 3815 679 3866 subject.

1567 3078 1793 3128 scriberet.
1852 3080 2010 3131 itaque
2063 3091 2161 3122 non
2215 3089 2378 3130 expers
2432 3089 2573 3123 curae

1568 3147 1696 3189 esset.
1770 3146 1873 3189 The
1912 3146 2138 3196 frequent
2178 3157 2352 3189 rancor
2390 3145 2445 3188 of
2481 3156 2573 3190 our

1567 3222 1677 3254 own
1739 3212 1852 3254 civil
1912 3223 2013 3255 war
2073 3213 2368 3256 discussions
2429 3211 2573 3265 aptly

1568 3278 1837 3322 illustrates
1866 3279 1952 3321 the
1982 3279 2138 3330 point.

1632 3346 1681 3387 ⁶.
1715 3345 2163 3389 condendamvet
2195 3346 2273 3389 Le.
2307 3345 2477 3389 before
2506 3346 2574 3389 its

1570 3410 1811 3463 founding
1839 3423 1939 3454 was
1968 3422 2091 3454 even
2122 3411 2353 3464 planned.
2411 3410 2573 3456 tabu-

1567 3475 1661 3522 lis:
1702 3478 1807 3522 dat.
1847 3478 1970 3522 with
2007 3479 2187 3523 decora.
2258 3485 2348 3522 ea:
2386 3488 2574 3522 resum-

1569 3548 1653 3596 ing
1681 3556 1814 3597 quae.

1633 3614 1682 3655 7.
1717 3612 1991 3664 humana,
2019 3616 2134 3657 etc.:
2160 3623 2241 3656 see
2263 3622 2330 3654 on
2354 3610 2574 3663 proxima

1576 3679 1664 3730 (4).
1748 3688 1837 3723 ea:
1897 3698 1940 3712 =
1998 3679 2124 3722 fatie.
2208 3679 2574 3730 potissimum

1570 3745 1739 3789 terat:
1777 3746 1987 3788 “claims
2020 3746 2072 3788 in
2107 3746 2385 3797 preference
2420 3748 2474 3788 to
2508 3743 2572 3798 all

1571 3812 1790 3857 othere.'’
