2975 4367
479 296 672 351 xxxiv.
717 295 766 360 1]
1375 294 1614 350 LIBER.
1648 295 1678 349 I
2508 298 2575 351 53

412 489 442 529 4
476 477 706 542 domos
776 498 929 543 suas
998 479 1305 545 ultimum
1377 479 1535 542 illud
1594 479 1795 542 visuri
1860 485 2391 560 pervagarentur.
2481 478 2577 541 Ut

479 599 632 642 vero
671 579 804 641 iam
843 580 1145 661 equitum
1186 581 1428 643 clamor
1465 580 1640 643 exire
1679 579 2047 642 iubentium
2087 577 2401 656 instabat,
2442 577 2575 640 iam

478 680 696 758 fragor
741 686 1089 757 tectorum,
1141 700 1308 761 quae
1354 679 1804 757 diruebantur,
1853 678 2103 742 ultimis
2147 677 2328 740 urbis
2374 677 2579 758 parti·
2633 725 2638 733 ,

480 779 602 841 bus
669 778 1079 858 audiebatur,
1147 779 1493 862 pulvisque
1557 800 1642 842 ex
1706 777 2107 842 distantibus
2173 777 2328 841 locis
2393 784 2578 840 ortus

479 879 661 943 velut
721 880 895 943 nube
954 879 1226 944 inducta
1285 880 1507 943 omnia
1564 880 1972 959 impleverat,
2035 878 2277 959 raptim
2338 877 2577 959 quibus

480 980 753 1061 quisque
799 986 1061 1061 poterat
1106 980 1313 1057 elatiS,
1364 999 1513 1042 cum
1560 977 1760 1042 larem
1807 999 1881 1042 ac
1927 986 2200 1059 penates
2245 984 2573 1057 tectaque,

479 1079 547 1142 in
587 1080 824 1161 quibus
865 1088 1062 1144 natus
1103 1081 1377 1163 quisque
1415 1080 1866 1161 educatusque
1905 1085 2095 1159 esset,
2138 1078 2576 1158 relinquentes

414 1189 443 1231 5
477 1178 749 1257 exirent,
813 1181 945 1243 iam
1010 1181 1349 1244 continens
1410 1200 1645 1260 agmen
1706 1180 2128 1260 migrantium
2188 1178 2576 1258 impleverat

478 1279 639 1356 viaS,
687 1288 755 1344 et
803 1289 1189 1361 conspectus
1235 1281 1510 1344 aliorum
1557 1286 1791 1343 mutua
1836 1279 2250 1341 miseratione
2294 1278 2578 1356 integra-

480 1379 597 1443 bat
641 1379 959 1458 lacrimae,
1007 1400 1327 1461 vocesque
1370 1381 1574 1444 etiam
1618 1379 2013 1443 miserabiles
2054 1377 2578 1441 exaudiebantur

480 1479 823 1542 mulierum
884 1482 1249 1561 praecipue,
1315 1500 1463 1542 cum
1527 1481 1789 1544 obsessa
1850 1479 1935 1542 ab
1997 1478 2268 1542 armatis
2328 1476 2577 1556 templa

480 1588 759 1661 augusta
802 1582 1250 1661 praeterirent,
1298 1602 1372 1644 ac
1419 1580 1602 1644 velut
1646 1581 1874 1660 captos
1916 1579 2355 1660 relinquerent
2396 1576 2572 1639 deoS.

413 1689 444 1731 6
479 1681 766 1760 Egressis
816 1681 977 1743 urbe
1014 1681 1303 1757 Albanis,
1361 1682 1701 1744 Romanus
1753 1679 1995 1760 passim
2047 1678 2310 1759 publica
2360 1677 2578 1758 priva-

481 1787 680 1862 taque
732 1781 954 1855 omnia
1008 1788 1186 1845 tecta
1241 1781 1572 1862 adaequat
1626 1779 1782 1856 solo,
1838 1798 2101 1860 unaque
2156 1778 2316 1841 hora
2370 1776 2576 1859 quad-

480 1881 923 1959 ringentorum
956 1902 1275 1945 annorum
1307 1900 1494 1962 opuS,
1527 1880 1766 1961 quibus
1797 1878 1965 1942 Alba
1994 1885 2291 1956 steterat,
2322 1877 2575 1941 excidio

482 2000 555 2043 ac
590 1981 791 2043 ruinis
823 1980 1005 2045 dedit
1016 2002 1032 2058 ;
1067 1980 1330 2062 templis
1362 1988 1589 2044 tamen
1620 1979 1817 2042 deum
1844 1979 2047 2042 —ita
2078 1979 2252 2041 enim
2284 1978 2574 2041 edictum

481 2079 565 2143 ab
605 2100 751 2160 rege
791 2080 1005 2144 fuerat
1031 2117 1112 2125 —
1137 2088 1579 2161 temperatum
1618 2086 1738 2143 est.

416 2190 440 2231 1
603 2181 900 2243 XXXII.
952 2181 1210 2243 Mortuo
1259 2181 1447 2243 Tullo
1496 2199 1616 2256 res,
1665 2186 1744 2243 ut
1806 2179 2188 2243 institutum
2244 2178 2375 2241 iam
2423 2177 2575 2241 inde

482 2279 566 2342 ab
600 2280 786 2343 initio
821 2286 983 2357 erat,
1015 2279 1097 2343 ad
1135 2287 1356 2359 patres
1391 2280 1692 2356 redierat,
1722 2279 1919 2361 hique
1953 2280 2339 2358 interregem
2368 2277 2576 2341 nomi-

480 2387 819 2443 naverant.
909 2381 1053 2458 Quo
1092 2381 1357 2444 comitia
1393 2380 1699 2456 habente,
1730 2380 1987 2442 Ancum
2015 2379 2330 2442 Marcium
2357 2397 2573 2457 regem

480 2480 759 2560 populus
803 2480 1049 2544 creavit
1060 2501 1076 2558 3
1121 2489 1341 2559 patres
1377 2481 1555 2542 fuere
1594 2486 1910 2543 auctores,
2004 2480 2258 2541 Numae
2294 2477 2573 2556 Pompili

414 2590 444 2630 4
478 2580 643 2659 regis
705 2581 927 2660 nepos
972 2580 1104 2643 filia
1168 2588 1371 2657 ortus„
1417 2582 1638 2644 Ancus
1694 2580 1974 2642 Marcius
2033 2585 2193 2641 erat.
2286 2577 2572 2640 Medium

478 2686 619 2743 erat
659 2680 727 2742 in
770 2681 949 2744 Anco
985 2681 1336 2761 ingenium,
1375 2688 1442 2743 et
1484 2681 1739 2743 Numae
1773 2686 1843 2742 et
1880 2679 2143 2742 Romuli
2181 2698 2445 2740 memor.

416 2789 440 2830 1
603 2781 923 2843 XXXIV.
965 2782 1146 2844 Anco
1178 2787 1492 2861 regnante
1526 2781 1839 2856 Lucumo,
1860 2779 1960 2840 vir
1994 2778 2267 2857 impiger
2298 2797 2371 2840 ac
2409 2776 2574 2839 divi-

480 2878 588 2941 tiis
644 2887 895 2959 potens,
946 2881 1229 2944 Romam
1290 2880 1747 2960 commigravit
1807 2878 2110 2959 cupidine
2155 2878 2436 2941 maxime
2497 2897 2571 2939 ac

540 3032 590 3074 4.
622 3030 978 3084 impleverat:
1049 3033 1172 3076 with
1243 3034 1317 3083 ut:
1389 3032 1475 3076 the

478 3098 685 3151 oluperf.
751 3099 1084 3152 emphasizing
1144 3111 1175 3143 a
1238 3100 1475 3150 resulting

477 3167 728 3209 condition
764 3166 806 3208 is
842 3166 959 3209 thus
994 3167 1192 3218 parallel
1229 3167 1349 3210 with
1388 3168 1474 3210 the

476 3234 771 3285 imperfecte.
848 3234 1053 3284 quibu·
1103 3264 1116 3276 .
1165 3263 1178 3277 .
1228 3263 1242 3278 .
1285 3234 1472 3278 olaus:

486 3318 529 3334 ==
556 3301 638 3351 eis,
683 3311 801 3351 quae
842 3302 1036 3351 quisque
1077 3302 1237 3352 efferre
1278 3303 1468 3353 poterat,

475 3369 625 3411 elatis.
718 3366 918 3411 larem:
980 3368 1172 3419 usually
1233 3368 1358 3421 plur.
1419 3369 1472 3412 111

476 3436 614 3479 class,
641 3436 801 3478 Latin.

540 3505 587 3546 6.
621 3502 1190 3554 quadringentorum:
1237 3513 1267 3545 a
1311 3502 1470 3546 round

474 3571 696 3613 number.
770 3570 896 3612 Alba
933 3580 1033 3611 was
1072 3570 1210 3612 three
1246 3569 1470 3613 hundred

476 3648 616 3690 years
653 3637 789 3680 older
827 3637 950 3679 than
991 3637 1161 3678 Rome.
1235 3637 1306 3679 Cf.
1349 3638 1470 3682 Aen.

480 3706 666 3748 1.·272.
738 3703 967 3754 quibus:
1007 3702 1225 3753 “during
1260 3704 1470 3747 which.''

475 3773 564 3816 See
608 3771 797 3815 Introd.
844 3773 900 3816 V.
931 3773 970 3813 1.
994 3783 1033 3813 c.
1064 3772 1150 3821 (1).
1218 3765 1470 3821 temnus:

474 3839 578 3882 dat.
624 3837 746 3881 wlth
787 3838 1092 3887 temperatum
1120 3837 1198 3885 est,
1230 3837 1357 3880 after
1385 3837 1471 3880 the

473 3906 684 3958 analogy
711 3906 763 3948 ot
790 3914 990 3956 parcere.
1061 3904 1316 3947 effictum
1352 3934 1365 3947 .
1403 3934 1417 3947 .
1455 3934 1469 3948 .

1573 3031 1761 3076 tuerat
1771 3042 1785 3076 ε
1797 3050 1839 3066 ==
1849 3031 2049 3075 edictum
2063 3032 2175 3074 erat.
2241 3030 2344 3073 The
2361 3029 2570 3082 pluperr.

1573 3101 1615 3143 is
1667 3100 1949 3151 frequently
1996 3110 2050 3142 so
2097 3098 2284 3141 formed
2331 3099 2383 3141 in
2430 3098 2571 3150 Livy.

1574 3167 1664 3210 See
1685 3167 1874 3210 Introd.
1901 3170 1959 3213 V.
1983 3171 2028 3211 4.
2054 3180 2095 3211 c.

1574 3268 1797 3311 XXXII.
1847 3270 1886 3311 1.
1931 3270 1975 3310 4.
2033 3267 2278 3310 XXXIV.
2337 3268 2428 3311 1-3.
2474 3269 2571 3312 4·7.

1640 3338 1794 3380 10-12.
1845 3334 2063 3377 XXXV.
2097 3337 2136 3378 1.
2165 3336 2208 3377 2.
2236 3335 2281 3377 6.
2341 3333 2573 3377 ANGUS

1638 3400 1967 3450 MARTIUS.
2038 3400 2318 3445 FOURTH
2382 3400 2571 3446 KING'.

1641 3469 1776 3511 THE
1864 3468 2154 3511 ADVENT
2241 3467 2327 3511 OF
2419 3468 2573 3511 TAR-

1634 3535 1926 3589 QUINIUS
1958 3533 2261 3580 PRISCUS.

1634 3636 1859 3680 XXXII.
1896 3638 1944 3680 1.
1978 3637 2161 3683 Tullo:
2194 3637 2271 3680 his
2301 3639 2437 3688 reign
2471 3636 2571 3681 had

1570 3704 1730 3747 lasted
1750 3704 2031 3755 thirty-two
2049 3715 2205 3756 years.
2256 3703 2373 3748 nna
2390 3705 2573 3749 ortus:

1569 3771 1647 3814 Le.
1677 3781 1741 3813 on
1769 3771 1845 3814 his
1872 3771 2111 3814 mother's
2140 3770 2256 3814 side.

1634 3836 1879 3881 XXXIV.
1962 3838 2009 3880 1.
2068 3840 2222 3883 Anco
2272 3839 2572 3889 regnanto:

1570 3905 1749 3956 during
1789 3906 1865 3948 his
1907 3906 2054 3956 reign,
2103 3907 2267 3948 Ancus
2309 3905 2472 3949 added
2515 3908 2573 3950 to
