2975 4367
393 783 419 826 1

390 1383 420 1425 3

458 296 526 347 32

1374 294 1439 347 Τ.
1478 293 1638 346 LIVI

2363 295 2481 362 [vii.
2519 298 2553 349 3

585 473 913 538 Palatium
950 474 1253 555 primum,
1292 474 1360 538 in
1396 494 1528 557 quo
1563 474 1701 555 ipse
1736 481 1877 539 erat
1913 475 2251 553 educatUS,
2291 476 2548 539 muniit.

457 574 656 639 Sacra
690 574 813 637 diis
849 574 989 638 aliis
1024 575 1277 638 Albano
1313 575 1465 652 ritu,
1498 576 1743 639 Graeco
1781 575 2063 652 Herculi,
2100 580 2178 637 ut
2214 576 2300 639 ab
2336 578 2555 640 Euam.

457 673 576 738 dro
614 674 924 738 instituta
961 680 1168 751 erant,
1211 675 1387 737 facit.

582 774 769 836 VIII.
819 775 1042 837 Rebus
1101 774 1339 836 divinis
1397 773 1521 838 rite
1578 774 1971 856 perpetratis
2035 781 2402 856 vocataque
2468 777 2552 839 ad

457 874 801 937 concilium
863 874 1302 951 multitudine,
1350 895 1519 955 quae
1579 875 1931 938 coalescere
1980 875 2049 937 in
2091 875 2317 956 populi
2358 875 2553 938 unius

457 993 690 1055 corpus
731 974 909 1036 nulla
947 994 1015 1036 re
1053 980 1513 1055 praeterquam
1553 975 1800 1054 legibus
1839 981 2120 1054 poterat,
2161 975 2304 1038 iura
2342 975 2523 1038 dedit
2535 997 2551 1053 3

389 1083 422 1125 2
457 1093 624 1155 quae
675 1075 771 1137 ita
823 1080 1053 1138 sancta
1106 1074 1318 1153 generi
1370 1075 1711 1137 hominum
1765 1075 2003 1153 agresti
2054 1075 2190 1137 fore
2241 1081 2443 1152 ratuS,
2498 1075 2552 1137 si

455 1193 524 1236 se
592 1173 730 1254 ipse
801 1174 1235 1238 venerabilem
1303 1174 1665 1253 insignibus
1732 1173 1986 1254 imperii
2055 1175 2329 1252 fecisset,
2402 1195 2551 1237 cum

457 1280 668 1336 cetero
728 1274 961 1337 habitu
1021 1276 1088 1336 Se
1147 1274 1608 1353 augustiorem,
1667 1280 1815 1337 tum
1875 1275 2159 1337 maxime
2219 1274 2553 1338 lictoribus

455 1373 798 1446 duodecim
852 1375 1134 1454 sumptis
1186 1374 1359 1436 fecit.

1459 1374 1587 1436 Alii
1642 1374 1726 1437 ab
1778 1393 2047 1437 numero
2101 1374 2345 1452 avium,
2385 1394 2552 1456 quae

456 1473 723 1553 augurio
777 1493 1049 1554 regnum
1104 1474 1593 1554 portenderant,
1649 1493 1801 1536 eum
1854 1481 2152 1537 secutum
2205 1495 2550 1537 numerum

454 1579 697 1653 putant
708 1594 724 1651 ;
764 1594 866 1636 me
905 1573 1082 1636 haud
1121 1574 1414 1653 paenitet
1451 1594 1678 1636 eorum
1715 1574 2078 1637 sententiae
2114 1593 2272 1651 esse,
2314 1576 2553 1656 quibus

453 1678 520 1735 et
583 1674 987 1754 apparitores
1049 1674 1169 1736 hoc
1234 1693 1434 1753 genus
1497 1674 1582 1737 ab
1647 1674 1939 1737 Etruscis
2000 1675 2312 1751 finitimis,
2375 1675 2551 1737 unde'

452 1772 608 1836 sella
635 1770 891 1850 curuliS,
919 1773 1094 1836 unde
1120 1779 1275 1853 toga
1299 1779 1646 1854 praetexta
1671 1780 1940 1854 sumpta
1963 1780 2082 1851 est,
2111 1781 2178 1837 et
2205 1794 2549 1837 numerum

454 1892 714 1954 quoque
756 1873 970 1953 ipsum
1016 1874 1290 1936 ductum
1332 1873 1548 1954 placet
1560 1894 1576 1951 ;
1619 1879 1687 1936 et
1730 1875 1826 1936 ita
1868 1874 2170 1936 habuisse
2216 1876 2547 1951 EtruscoS,

454 1972 629 2054 quod
673 1993 756 2035 ex
800 1974 1143 2036 duodecim
1188 1973 1447 2053 populis
1493 1974 1928 2036 communiter
1970 1979 2188 2037 creato
2232 1994 2379 2054 rege
2421 1974 2552 2037 sin-

453 2072 635 2151 gulos
677 2073 910 2153 singuli
954 2073 1179 2153 populi
1223 2073 1480 2136 lictores
1524 2074 1839 2136 dederint.

577 2173 920 2236 Crescebat
967 2174 1229 2236 interim
1275 2172 1432 2235 urbs
1479 2174 1952 2236 munitionibus
2000 2174 2125 2237 alia
2173 2179 2373 2255 atque
2422 2175 2558 2241 alia.

453 2272 822 2350 adpetendo
860 2273 1019 2350 loca,
1060 2293 1208 2334 cum
1244 2273 1311 2336 in
1347 2292 1531 2353 spem
1569 2275 1773 2352 magis
1808 2274 2068 2336 futurae
2106 2274 2548 2337 multitudinis

452 2392 651 2452 quam
682 2373 765 2435 ad
795 2373 882 2449 id,
910 2373 1085 2454 quod
1114 2380 1262 2437 tum
1292 2374 1632 2435 hominum
1662 2379 1822 2449 erat,
1849 2374 2197 2436 munirent.
2276 2374 2545 2450 Deinde,

453 2491 532 2534 ne
579 2493 752 2536 vana
794 2473 975 2534 urbis
1018 2472 1402 2551 magnitudo
1446 2478 1639 2550 esset,
1688 2473 2061 2536 adiciendae
2107 2472 2551 2536 multitudinis

448 2689 695 2737 Herculi:
734 2701 828 2734 one
866 2691 918 2733 ot
955 2691 1031 2733 his
1070 2689 1246 2734 twelve
1283 2691 1448 2733 labors

451 2769 550 2800 was
571 2762 623 2800 to
644 2757 782 2801 drive
801 2758 871 2800 off
891 2758 1129 2810 Geryon's
1149 2758 1300 2801 cattle
1322 2759 1447 2800 from

451 2824 616 2876 Spain.
680 2825 818 2868 After
844 2824 1074 2875 reaching
1100 2825 1185 2868 the
1213 2825 1357 2868 Tiber
1382 2835 1447 2866 on

449 2891 525 2933 his
552 2894 734 2941 return,
768 2891 1014 2941 Herculea
1046 2891 1188 2934 while
1216 2891 1444 2943 sleeping‚

449 2969 549 3000 was
589 2957 775 3000 robbed
817 2959 869 3000 ot
910 2958 995 3001 the
1036 2958 1143 3001 best
1187 2958 1339 3000 cattle
1379 2958 1447 3009 by

450 3025 536 3067 the
571 3028 788 3068 monster
825 3025 994 3067 Cacus.
1065 3024 1298 3067 Hercules
1334 3025 1445 3066 slew

451 3092 604 3134 Cacus
659 3092 741 3140 (cf.
798 3093 918 3134 Aen.
972 3096 1016 3138 8.
1079 3093 1164 3134 193
1215 3091 1307 3140 ff.).
1348 3090 1445 3133 and

450 3158 536 3201 the
562 3158 684 3200 local
716 3157 856 3207 ruler,
891 3157 1121 3201 Evander
1157 3159 1219 3206 (5.
1251 3159 1318 3207 2),
1351 3157 1447 3199 dis-

450 3224 654 3267 covered
691 3225 766 3267 his
800 3224 1015 3275 identity
1051 3223 1148 3266 and
1186 3223 1447 3267 dedicated

449 3302 514 3333 an
540 3290 668 3334 altar
694 3295 747 3335 to
774 3291 889 3339 him.
919 3291 1039 3333 with
1068 3290 1224 3333 Greek
1251 3291 1449 3333 observ-

449 3368 593 3401 ances
619 3358 670 3400 in
696 3358 781 3402 the
806 3368 957 3400 sacra.

513 3424 652 3466 VIII.
689 3424 737 3466 1.
770 3423 900 3468 rite:
932 3424 1019 3466 “in
1050 3423 1149 3467 due
1177 3424 1359 3468 form.’'

511 3492 560 3534 2.
593 3491 679 3534 lta
708 3521 720 3534 .
752 3521 763 3532 .
795 3521 807 3533 .
832 3491 903 3534 81:
930 3491 1239 3543 “only—if‚’'
1266 3503 1295 3534 a
1320 3501 1452 3534 com-

447 3569 563 3601 mon
597 3558 871 3601 restrictiori
906 3558 957 3600 in
995 3559 1134 3609 Livy.
1202 3567 1260 3602 se
1312 3558 1452 3610 ipse:

448 3637 526 3668 see
550 3636 615 3667 on
640 3625 797 3668 Praef.
826 3628 869 3668 2.
926 3623 1171 3668 fecisset:
1208 3626 1302 3669 fut.
1330 3626 1451 3678 perf.

447 3693 574 3734 from
590 3691 675 3734 the
691 3695 801 3743 past
820 3692 958 3743 point
976 3692 1027 3734 of
1053 3692 1192 3734 view.
1226 3692 1452 3736 halatu:
1472 3707 1475 3710 ¹

451 3758 833 3810 “equipment;”
873 3758 970 3801 abl.
1010 3759 1062 3800 of
1100 3759 1449 3810 specification.

510 3826 559 3868 8.
607 3833 764 3868 eum:
827 3825 947 3867 with
1009 3836 1273 3874 numerum.
1339 3837 1452 3878 sup-

448 3892 619 3946 plying
653 3892 906 3935 Romulum
938 3903 992 3934 as
1024 3893 1123 3942 obj.
1158 3892 1209 3934 os
1240 3893 1449 3936 secutum

1557 2691 1711 2740 (esse).
1772 2690 1875 2734 The
1901 2692 2146 2743 emphasis
2172 2692 2213 2734 is
2240 2703 2305 2735 on
2331 2693 2550 2744 explain-

1549 2761 1633 2809 ing
1653 2760 1752 2802 this
1772 2760 1995 2803 number.
2050 2762 2390 2805 sententiae:
2413 2763 2548 2814 pred.

1550 2836 1676 2877 poss
1749 2825 1953 2876 quibus
1996 2855 2010 2869 .
2052 2855 2065 2868 .
2108 2856 2121 2869 .
2158 2826 2365 2879 placet:
2394 2846 2438 2862 =
2465 2829 2550 2880 qui

1548 2893 1733 2942 putant.
1790 2892 2157 2944 apparitores:
2181 2905 2246 2937 sc.
2270 2895 2431 2937 ductos
2453 2906 2551 2938 esse

1548 2959 1673 3001 from
1716 2959 1907 3001 ductum
1951 2958 2120 3003 below.
2199 2959 2302 3003 hoc
2346 2969 2550 3012 genus:

1551 3026 1633 3067 “of
1654 3026 1753 3069 this
1774 3026 1949 3074 kind;''
2000 3026 2114 3071 adv.
2154 3037 2255 3070 acc.
2326 3028 2432 3071 lta:
2471 3030 2549 3072 i.e.

1548 3091 1645 3134 had
1672 3092 1861 3141 twelve.
1888 3103 1942 3134 as
1965 3093 2222 3145 explained
2246 3093 2298 3136 in
2321 3094 2407 3137 the
2428 3096 2552 3146 quod

1547 3157 1724 3207 clause.
1745 3159 1980 3209 referring
2012 3162 2065 3201 to
2091 3159 2176 3203 the
2209 3160 2344 3212 early
2377 3161 2551 3206 Etrus-

1548 3236 1641 3267 can
1668 3224 1855 3276 league.

1611 3293 1661 3335 4.
1696 3301 1830 3336 cum
1866 3322 1879 3335 .
1917 3322 1929 3334 .
1968 3322 1981 3336 .
2015 3294 2332 3338 munirent:
2364 3295 2547 3339 causal.

1549 3358 1611 3401 ln
1642 3368 1824 3411 spem:
1856 3360 1941 3403 the
1972 3360 2203 3403 so·called
2235 3360 2353 3403 final
2383 3372 2469 3405 use
2499 3362 2551 3404 ot

1550 3426 1620 3468 in.
1684 3425 1772 3468 See
1801 3426 1992 3468 Introd.
2018 3427 2075 3469 V.
2101 3431 2145 3471 3.
2170 3441 2208 3472 e.
2231 3430 2319 3480 (1).
2373 3427 2446 3471 ad
2474 3427 2547 3477 id,

1552 3492 1727 3544 quod:
1756 3494 1843 3536 the
1865 3499 2000 3537 neut.
2025 3495 2247 3537 followed
2283 3496 2408 3546 hya
2441 3506 2552 3547 par-

1553 3560 1697 3603 titive
1750 3571 1857 3610 gen.
1911 3560 2213 3612 emphasizes
2264 3562 2349 3605 the
2403 3560 2549 3613 slight

1553 3625 1844 3677 population
1874 3627 1928 3669 ot
1959 3627 2070 3670 that
2103 3626 2217 3678 day.

1617 3696 1665 3737 5.
1698 3695 1884 3738 vetere
1908 3696 2160 3739 consilio:
2187 3696 2473 3749 “following
2485 3707 2551 3739 an

1554 3759 1634 3801 old
1658 3759 1876 3804 device.’'
1941 3760 2334 3806 condentium:
2365 3773 2445 3806 see
2467 3763 2550 3805 In-

1554 3828 1682 3870 trod.
1709 3831 1765 3873 V.
1792 3832 1835 3872 4.
1860 3830 1895 3881 j.
1925 3831 2013 3880 (2).
2083 3829 2410 3874 conciendo:
2472 3842 2551 3874 see

1554 3904 1618 3936 on
1640 3896 1864 3946 venando,
1890 3897 1934 3938 4.
1959 3897 2003 3939 8.
2058 3896 2274 3949 natam,
2310 3901 2422 3941 etc.:
2453 3898 2551 3942 this
