2975 4367
387 318 521 357 xxx.
562 301 646 367 19]

320 499 353 542 4
384 484 563 547 omni
612 504 734 564 ope
783 483 1009 547 divina
1057 485 1473 567 humanaque
1515 485 1762 567 indigni
1798 486 2154 551 videamur.

1174 276 1181 281 ”
1242 305 1476 391 LIBER
1512 305 1622 358 vn

2377 312 2472 363 131

2249 489 2475 572 Neque

387 583 661 659 hercule,
733 584 908 665 quod
979 585 1303 648 Samnites
1371 586 1612 665 priores
1682 587 1872 650 amici
1938 589 2222 670 sociique
2290 590 2475 654 vobis

386 682 544 771 facti
594 690 769 758 sunt,
827 683 908 746 ad
961 684 1022 745 id
1082 684 1294 746 valere
1348 686 1644 762 arbitror,
1700 707 1779 749 ne
1832 709 1948 750 nos
1999 688 2067 750 in
2120 689 2474 752 amicitiam

386 783 799 862 accipiamur,
841 783 954 845 sed
997 789 1071 846 ut
1114 791 1445 847 vetustate
1484 793 1552 848 et
1593 786 1796 864 gradu
1837 787 2096 851 honoris
2136 810 2254 852 nos
2294 810 2477 868 prae-

371 890 579 969 stent.

673 882 898 961 Neque
940 883 1115 944 enim
1177 883 1430 946 foedere
1494 886 1906 963 Samnitium,
1970 907 2050 949 ne
2112 910 2244 968 qua
2302 910 2477 952 nova

316 1000 346 1042 5
382 983 730 1062 iungeretis
781 981 1060 1058 foedera,
1101 990 1368 1045 cautum
1404 992 1522 1047 est.

1617 986 1767 1047 Fuit
1818 987 2082 1065 quidem
2133 988 2308 1067 apud
2360 1010 2475 1054 vos

382 1103 636 1162 semper
700 1083 861 1144 satis
927 1082 1101 1146 iusta
1168 1105 1364 1146 causa
1430 1085 1772 1161 amicitiae,
1845 1085 2006 1148 velle
2071 1108 2222 1149 eum
2291 1089 2474 1152 vobis

317 1201 348 1243 6
384 1182 667 1245 amicum
712 1200 871 1259 esse,
921 1183 1033 1263 qui
1080 1204 1197 1245 vos
1245 1191 1582 1263 appeteret
1593 1206 1609 1261 ,·
1657 1186 1992 1264 Campani,
2041 1188 2164 1250 etsi
2211 1188 2476 1251 fortuna

382 1303 685 1362 praesens
743 1283 1081 1362 magnifice
1138 1282 1313 1362 loqui
1368 1284 1690 1363 prohibet,
1748 1307 1880 1348 non
1936 1288 2112 1350 urbis
2169 1287 2475 1367 amplitu-

382 1383 551 1458 dine,
598 1404 732 1446 non
787 1382 921 1462 agri
976 1383 1277 1445 ubertate
1333 1382 1444 1445 ulli
1498 1384 1740 1465 populo
1785 1393 2244 1467 praeterquam
2290 1388 2474 1451 vobis

382 1482 704 1557 cedentes,
756 1483 930 1545 haud
979 1504 1203 1563 parva,
1254 1491 1329 1546 ut
1378 1485 1673 1561 arbitror,
1726 1487 2001 1549 accessio
2049 1487 2236 1550 bonis
2282 1488 2472 1550 rebus

317 1602 346 1646 7
382 1584 614 1646 vestris
659 1583 727 1645 in
772 1582 1128 1646 amicitiam
1175 1584 1470 1647 venimus
1518 1592 1823 1648 vestram.
1920 1587 2154 1666 Aequis
2199 1587 2474 1651 Volscis-

382 1704 528 1764 que,
594 1684 872 1747 aeternis
933 1684 1229 1746 hostibus
1290 1684 1480 1747 huius
1542 1686 1738 1763 urbis,
1803 1686 2347 1768 quandocumque
2406 1708 2473 1751 se

382 1784 727 1866 moverint,
766 1784 849 1846 ab
883 1790 1064 1865 tergo
1097 1784 1337 1847 erimus
1369 1789 1458 1861 et,
1495 1784 1671 1864 quod
1708 1807 1824 1849 vos
1857 1808 1973 1867 pro
2007 1786 2217 1849 salute
2250 1793 2475 1850 nostra

381 1885 623 1963 priores
685 1884 983 1959 feceritis,
1047 1883 1113 1944 id
1175 1905 1293 1947 nos
1354 1905 1471 1965 pro
1533 1884 1803 1965 imperio
1866 1893 2083 1950 vestro
2144 1893 2212 1950 et
2274 1887 2475 1966 gloria

313 2003 345 2046 8
378 2004 634 2064 semper
707 1984 1038 2046 faciemus.

1130 1984 1430 2048 Subactis
1505 1984 1604 2048 his
1679 1986 1999 2065 gentibus,
2065 2007 2231 2068 quae
2305 1987 2474 2050 inter

379 2084 496 2146 nos
542 2104 788 2164 vosque
832 2090 1007 2159 sunt,
1056 2083 1230 2164 quod
1277 2104 1478 2163 prope
1523 2084 1694 2147 diem
1742 2086 2037 2149 futurum
2080 2087 2361 2168 spondet
2405 2094 2472 2151 et

380 2184 589 2248 virtus
636 2190 704 2247 et
753 2185 1019 2247 fortuna
1068 2190 1305 2260 vestra,
1357 2185 1695 2248 continens
1742 2186 2086 2265 imperium
2136 2208 2339 2267 usque
2389 2187 2469 2250 ad
2543 2207 2547 2213 ·

311 2303 342 2345 9
378 2305 495 2348 nos
557 2284 898 2348 habebitis.

377 2405 494 2447 nos
545 2384 810 2447 fortuna
858 2391 1084 2448 nostra
1133 2384 1329 2462 cogit:

990 2284 1313 2346 Acerbum
1376 2305 1449 2346 ac
1512 2286 1816 2347 miserum
1876 2292 1995 2361 est,
2045 2287 2219 2367 quod
2282 2287 2472 2349 fateri

1427 2404 1504 2446 eo
1557 2392 1830 2447 ventum
1879 2393 1998 2462 est,
2054 2393 2272 2466 patres
2323 2408 2475 2450 con-

375 2483 620 2563 scripti,
657 2491 731 2546 ut
766 2490 881 2546 aut
916 2484 1272 2546 amicorum
1306 2490 1422 2546 aut
1454 2484 1863 2547 inimicorum
1897 2487 2217 2566 Campani
2248 2487 2469 2548 simus,

279 2604 338 2645 ιο
376 2583 442 2646 Si
515 2582 883 2659 defenditis,
938 2583 1158 2659 vestri,
1218 2583 1272 2644 si
1345 2583 1661 2660 deseritiS,
1738 2586 2132 2648 Samnitium
2204 2587 2472 2663 erimus;

374 2684 669 2762 Capuam
725 2704 875 2762 ergo
931 2689 999 2746 et
1056 2682 1484 2762 Campaniam
1542 2704 1804 2748 omnem
1862 2687 2093 2748 vestris
2151 2707 2234 2749 an
2292 2688 2476 2750 Sam-

277 2803 337 2845 19
375 2783 613 2846 nitium
664 2783 911 2846 viribus
961 2783 1262 2846 accedere
1313 2782 1576 2857 malitis,
1630 2784 2001 2848 deliberate.

433 2969 486 3012 4.
520 2967 592 3013 ad
627 2966 686 3012 ια
722 2966 906 3012 valore
947 2998 962 3012 .
1003 2998 1018 3013 .
1060 2998 1074 3011 .
1111 2976 1206 3013 ne:
1244 2967 1375 3010 “has

370 3037 550 3088 weight
585 3040 638 3079 to
671 3037 929 3088 prevent.'’
994 3035 1256 3079 arbitror:
1290 3036 1375 3078 the

370 3104 668 3157 spokesman
706 3103 832 3145 loses
873 3102 959 3146 the
998 3102 1175 3144 official
1216 3101 1374 3154 plural

369 3173 446 3214 for
472 3171 559 3213 the
584 3173 821 3213 moment.
882 3170 954 3213 Cf.
982 3171 1058 3212 31.
1086 3171 1131 3212 3.
1190 3176 1374 3219 noque

387 3249 392 3254 ·
494 3267 507 3280 .
548 3237 788 3281 cautum
828 3237 936 3280 ott:
977 3237 1082 3278 “no
1122 3237 1373 3288 provision

368 3316 471 3348 was
501 3304 648 3346 made
679 3304 923 3353 against.’'
989 3303 1092 3346 The
1123 3303 1374 3354 sophistry

368 3373 485 3415 here
514 3371 721 3413 consists
751 3370 802 3412 in
831 3371 1139 3420 mentioning
1167 3370 1300 3413 what
1331 3371 1374 3413 is

369 3443 482 3481 true
523 3437 614 3480 but
659 3442 747 3479 not
792 3437 995 3487 bearing
1035 3448 1099 3479 on
1143 3437 1230 3480 the
1271 3436 1373 3480 real

368 3514 541 3547 source
584 3504 635 3545 of
678 3503 862 3554 danger
906 3508 958 3547 to
1004 3505 1176 3548 Rome.
1255 3505 1372 3547 War

368 3572 491 3614 with
519 3571 605 3614 the
632 3571 877 3614 Samnites
903 3571 1064 3614 would
1093 3573 1255 3624 surely
1282 3572 1372 3615 fol-

367 3639 462 3682 low
524 3638 610 3681 the
670 3637 938 3690 particular
996 3638 1202 3682 alliance
1261 3650 1371 3682 now

367 3705 565 3756 sought.

433 3776 481 3818 δ.
516 3771 682 3816 vello:
707 3783 773 3816 sc.
799 3783 900 3821 vos,-
924 3773 1091 3824 “your
1113 3773 1371 3824 wishing,’'

368 3845 479 3890 etc„
515 3840 707 3890 subject
740 3840 792 3882 ot
822 3840 930 3890 tuit.

434 3909 483 3951 6.
517 3908 818 3961 magnifico
836 3907 1017 3963 lnquit
1036 3909 1099 3955 cs.
1121 3909 1208 3955 the
1226 3908 1373 3954 collo·

2097 2786 2299 2849 Vobis
2335 2807 2475 2849 ara-

1474 2968 1605 3018 quial
1652 2980 1826 3020 magma
1871 2971 2012 3021 loqui,
2064 2971 2296 3021 “talking
2339 2970 2474 3022 big.''

1472 3036 1651 3079 urbis:
1729 3038 1911 3088 Capua.
2022 3038 2274 3081 Hannibal
2349 3050 2474 3082 even

1473 3103 1716 3153 promised
1751 3108 1804 3146 to
1837 3105 1982 3147 make
2013 3106 2052 3147 it
2086 3106 2174 3148 the
2205 3105 2390 3157 capital
2423 3106 2475 3147 of

1475 3171 1606 3221 Italy
1654 3172 1749 3219 (23.
1797 3173 1869 3214 10.
1913 3172 1981 3222 2.)
2055 3173 2345 3216 vonimus:
2388 3173 2474 3215 the

1473 3249 1596 3288 pres.
1650 3239 1692 3280 is
1743 3248 1878 3281 more
1928 3239 2156 3281 insistent
2210 3238 2335 3281 than
2387 3238 2475 3282 the

1473 3306 1653 3349 future.

1536 3375 1584 3415 7.
1618 3372 1822 3423 Aequis
1854 3371 2198 3423 Volscisque:
2255 3371 2361 3416 dat.
2419 3373 2472 3415 of

1471 3440 1559 3482 ref.
1592 3440 1712 3482 with
1742 3440 1800 3481 ab
1830 3441 1967 3490 temo.

1533 3507 1584 3550 9.
1617 3507 1954 3549 amicorum:
1978 3505 2116 3558 pred.
2141 3517 2272 3558 poss
2299 3517 2408 3557 gen.

1535 3574 1615 3616 19.
1649 3581 1780 3624 ager
1811 3574 2153 3623 campanus:
2185 3573 2272 3616 the
2302 3573 2471 3616 tairest

1469 3641 1522 3684 in
1555 3641 1620 3683 all
1654 3640 1786 3691 Italy
1825 3640 1921 3688 (22.
1961 3641 2033 3683 14.
2074 3640 2138 3690 1).
2207 3640 2280 3683 cf.
2314 3639 2471 3682 below

1471 3709 1548 3751 31.
1578 3708 1620 3751 1.
1675 3706 1832 3750 vobis
1862 3735 1876 3750 .
1905 3735 1920 3750 .
1950 3736 1964 3750 .
1987 3706 2471 3757 trequentabiturz

1472 3774 1599 3818 “the
1625 3778 1758 3825 great
1786 3774 2076 3826 population
2102 3774 2154 3815 of
2180 3774 2348 3824 Capua
2373 3772 2471 3815 will

1470 3843 1533 3885 be
1589 3846 1641 3884 at
1697 3852 1820 3893 your
1872 3840 2186 3891 command,”
2244 3841 2277 3884 i.
2295 3851 2339 3885 e.
2392 3840 2472 3885 for

1471 3909 1637 3954 levieS.
