2975 4367
293 541 326 586 8

293 841 325 885 9

258 1342 322 1386 10

255 1645 316 1685 11

363 343 453 397 lix.
495 343 552 411 2]
1251 347 1488 403 LIBER
1526 347 1553 400 Ι
2384 353 2456 408 69

360 526 650 590 adventu
738 527 1087 592 occurrerit
1172 528 1414 591 oculis.'
1549 526 1964 603 Incaluerant
2033 528 2186 593 vino
2196 551 2213 608 ;
2302 531 2451 613 ‘age

358 627 570 691 sane!'
599 647 843 691 omnes.
933 627 1166 692 Citatis
1203 628 1387 709 equis
1427 628 1697 692 avolant
1738 629 2037 693 Romam.
2128 630 2272 709 Quo
2300 651 2450 694 cum

359 725 584 807 primis
637 747 705 791 se
758 726 1252 792 intendentibus
1308 727 1593 792 tenebris
1647 729 2113 808 pervenissent,
2169 738 2450 811 pergunt

358 824 508 889 inde
555 826 921 905 Collatiam,
970 826 1085 889 ubi
1135 827 1520 891 Lucretiam
1555 827 2066 909 haudquaquam
2114 836 2195 894 ut
2242 831 2449 911 regias

360 945 580 1003 nurus,
625 946 790 1009 quas
831 926 901 991 in
943 927 1246 991 convivio
1289 927 1579 1009 luxuque
1639 947 1787 989 cum
1848 927 2226 1010 aequalibus
2271 931 2448 993 vide-

357 1032 508 1089 rant
535 1033 797 1107 tempus
823 1035 1126 1105 terenteS,
1155 1027 1269 1091 sed
1309 1034 1500 1091 nocte
1538 1047 1680 1091 sera
1718 1028 2009 1091 deditam
2049 1029 2234 1093 lanae
2273 1029 2445 1093 inter

359 1126 775 1191 lucubrantes
826 1127 1090 1191 ancillas
1140 1127 1208 1190 in
1259 1127 1472 1190 medio
1542 1127 1799 1190 aedium
1865 1128 2200 1192 sedentem
2266 1129 2447 1193 inve-

357 1225 567 1289 niunt.
657 1226 988 1291 Muliebris
1031 1226 1401 1291 certaminis
1446 1226 1588 1291 laus
1631 1246 1828 1307 penes
1873 1228 2239 1291 Lucretiam
2295 1230 2441 1293 fuit.

357 1324 728 1391 Adveniens
809 1326 910 1389 vir
989 1326 1454 1407 Tarquiniique
1515 1327 1772 1406 excepti
1855 1326 2154 1407 benigne;
2237 1319 2447 1393 victor

357 1426 631 1490 maritus
684 1426 958 1491 comiter
1007 1423 1252 1490 inv'itat
1306 1427 1513 1506 regios
1554 1426 1838 1490 iuvenes.
1930 1427 2031 1489 Ibi
2087 1430 2231 1492 Sex.
2289 1430 2445 1492 Tar-

357 1525 652 1606 quinium
725 1526 900 1590 mala
971 1525 1170 1589 libido
1244 1526 1583 1589 Lucretiae
1653 1546 1768 1605 per
1838 1527 1973 1590 vim
2045 1528 2442 1608 stuprandae

355 1626 531 1705 capit
540 1646 558 1703 3
594 1646 745 1688 cum
781 1627 991 1689 forma
1027 1632 1171 1689 tum
1199 1633 1498 1706 spectata
1527 1627 1795 1689 castitas
1831 1626 2082 1690 incitat.
2173 1629 2261 1691 Et
2297 1635 2442 1692 tum

355 1725 618 1806 quidem
658 1725 745 1789 ab
783 1733 1103 1790 nocturno
1141 1725 1425 1789 iuvenali
1466 1725 1621 1788 ludo
1659 1725 1728 1789 in
1768 1733 1981 1789 castra
2018 1726 2311 1792 redeunt.

478 1826 655 1888 LIX.
704 1826 970 1903 Brutus,
999 1825 1123 1889 illis
1150 1825 1330 1888 luctu
1358 1825 1713 1905 occupatis,
1746 1825 2026 1889 cultrum
2068 1847 2151 1889 ex
2178 1828 2441 1892 vulnere

356 1924 692 1988 Lucretiae
741 1932 1114 1989 extractum
1166 1931 1544 1988 manantem
1596 1945 1819 1988 cruore
1868 1945 2045 2006 prae.
2072 1947 2140 1991 se
2191 1934 2438 2005 tenenS,

356 2026 499 2105 ‘per
557 2024 760 2088 hunc'
819 2024 1035 2107 inquit
1097 2024 1564 2088 ‘castissimum
1625 2033 1777 2089 ante
1836 2026 2078 2106 regiam
2135 2026 2438 2091 iniuriam

351 2124 731 2204 sanguinem
786 2124 928 2189 iuro
988 2144 1254 2207 vosque,
1315 2125 1424 2201 dii,
1486 2133 1687 2189 testes
1744 2126 1930 2203 faci0,
1993 2146 2095 2188 me
2153 2127 2222 2191 L.
2284 2129 2439 2191 Tar-

352 2224 647 2305 quinium
691 2225 1057 2305 Superbum
1099 2244 1249 2287 cum
1289 2225 1603 2290 scelerata
1645 2226 1913 2305 coniuge
1954 2233 2022 2290 et
2063 2226 2241 2290 omni
2283 2226 2439 2291 libe-

350 2343 570 2387 rorum
619 2324 821 2405 stirpe
871 2326 1060 2402 ferm,
1111 2324 1263 2406 igni,
1315 2344 1727 2406 quacumque
1776 2324 2007 2388 dehinc
2059 2315 2125 2388 vi
2174 2327 2436 2406 possim,

349 2432 754 2503 exacturum,
831 2447 946 2489 nec
1021 2425 1164 2489 illos
1236 2445 1351 2488 nec
1428 2423 1626 2486 alium
1700 2444 2098 2505 quemquam
2171 2446 2437 2506 regnare

352 2525 601 2587 Romae
675 2521 1060 2605 passurum!
1148 2524 1444 2588 Cultrum
1520 2523 1753 2587 deinde
1817 2524 2136 2588 Collatino
2212 2526 2436 2603 tradit,

349 2624 500 2687 inde
539 2625 839 2689 Lucretio
879 2646 952 2688 ac
992 2624 1266 2700 Valerio,
1307 2623 1727 2703 stupentibus
1764 2624 2073 2687 miraculo
2112 2626 2221 2704 rei,
2261 2626 2436 2690 unde

350 2744 598 2787 novum
668 2724 737 2789 in
807 2724 996 2788 Bruti
1069 2732 1329 2804 pectore
1399 2723 1748 2803 ingenium.
1866 2725 1961 2788 Ut
2013 2733 2436 2807 praeceptum

349 2831 509 2902 erat,
566 2825 814 2903 iurant3
870 2824 1126 2906 totique
1183 2823 1267 2888 ab
1322 2823 1503 2887 luctu
1563 2823 1730 2887 versi
1784 2823 1853 2888 in
1907 2825 2091 2902 iram,
2151 2826 2435 2890 Brutum

347 2924 479 2987 iam
517 2924 668 2988 inde
707 2924 790 2988 ad
828 2925 1337 3004 expugnandum
1377 2942 1646 3003 regnum
1686 2931 2032 2987 vocantem
2070 2936 2436 3007 sequuntur

1441 3140 1583 3192 three,
1628 3140 1855 3185 revealed
1899 3146 1954 3186 to
1997 3143 2135 3187 them
2180 3144 2440 3195 Tarquin's

345 3142 661 3188 tissimum:
717 3143 748 3162 ⁰·
758 3142 846 3186 the
912 3143 1020 3186 best
1058 3140 1342 3186 evidence.”

407 3212 457 3254 8.
488 3210 919 3254 intendentibus
957 3210 1226 3254 tenebris:
1263 3210 1339 3253 i.e.

345 3278 473 3321 “the
512 3277 689 3322 shades
729 3278 782 3321 ot
823 3278 963 3328 night
1006 3289 1132 3321 were
1171 3276 1342 3326 falling

344 3344 494 3389 fast.”

405 3413 456 3455 9.
487 3412 551 3455 ιιι
637 3412 821 3457 medlo
909 3412 1160 3456 aedium:
1202 3429 1245 3445 -
1284 3412 1341 3455 in

342 3480 512 3522 mediis
542 3479 758 3528 aedibus,-
790 3483 877 3522 the
906 3479 1097 3529 atrium,
1133 3482 1221 3523 not
1255 3479 1342 3523 the

341 3546 560 3596 banquet
587 3546 702 3590 hall.

406 3614 484 3657 10.
517 3622 614 3665 per
661 3614 784 3657 vnn
831 3614 1199 3666 stuprandae:

340 3681 545 3731 offering
568 3681 789 3725 violence
812 3682 918 3725 to.”

376 3748 484 3791 .11.
517 3748 648 3791 tum
704 3749 959 3799 quidem:
1026 3749 1206 3793 Sextus
1269 3760 1343 3792 re-

341 3816 544 3865 turning
618 3815 759 3864 later,
839 3815 1078 3866 however,
1158 3816 1340 3859 offered

338 3881 561 3925 violence
590 3886 644 3925 to
676 3882 916 3932 Lucretia.
947 3884 1058 3926 who
1086 3884 1340 3927 forthwith

338 3949 629 3993 summoned
673 3949 760 3992 her
802 3950 1030 3993 husband
1076 3951 1174 3994 and
1219 3951 1341 3994 rela-

1249 3615 1343 3657 “ot

1439 3209 1602 3258 crime,
1659 3209 1758 3251 and
1813 3210 2087 3263 thereupon
2140 3212 2355 3264 plunged
2407 3224 2439 3257 a

1438 3276 1575 3319 knife
1598 3277 1705 3319 into
1730 3276 1816 3319 her
1841 3277 1998 3321 heart.

1438 3393 1574 3436 LIX.
1601 3393 1708 3438 LX.
1766 3393 2162 3439 EXPULSION
2185 3394 2272 3439 OF·
2301 3396 2438 3441 THE

1501 3461 1694 3510 KING;
1750 3461 2090 3507 ELECTION
2144 3463 2232 3508 OF
2294 3465 2437 3510 TWO

1502 3528 1818 3573 CONSULS.

1503 3614 1636 3658 LIX.
1673 3615 1721 3658 1.
1756 3614 1987 3659 Battus:
2040 3616 2230 3667 though
2280 3617 2436 3662 called

1439 3683 1567 3726 “the
1594 3682 1851 3730 Dullard.”
1876 3682 1939 3726 he
1963 3694 2072 3726 now
2098 3684 2323 3728 becomes
2346 3686 2438 3728 im-

1438 3753 1640 3802 portant
1676 3760 1731 3792 as
1764 3760 1795 3792 a
1826 3749 2061 3792 liberator
2094 3751 2146 3793 of
2178 3751 2254 3793 his
2286 3762 2437 3795 coun-

1438 3821 1536 3869 try.
1618 3816 1753 3860 uus:
1807 3816 2075 3860 Lucretia’s
2125 3818 2286 3860 father
2335 3818 2434 3862 and

1439 3884 1683 3927 husband.
1750 3883 1896 3927 terro
1936 3913 1950 3928 .
1991 3913 2005 3926 .
2046 3913 2060 3928 .
2096 3887 2175 3930 vi:
2224 3896 2255 3927 a
2290 3895 2435 3937 prov-

1439 3951 1589 3994 erbial
1619 3952 1914 4003 expression.
1977 3952 2049 3995 Cf.
2080 3953 2125 3996 2.
2160 3954 2229 3996 10.
2260 3953 2306 3996 4.
