2975 4367
440 230 542 284 122
1356 229 1425 289 T.
1458 212 1624 289 L'1v1
2300 236 2459 307 [xliv.
2497 241 2530 292 4

435 433 707 494 corpora
762 415 1140 498 animosque
1197 437 1436 496 magna
1492 418 1697 496 magis
1753 438 1954 498 quam
2012 420 2199 483 firma
2252 417 2532 497 dederit;

434 532 509 575 eo
554 513 621 577 in
664 520 994 578 certamen
1035 535 1227 579 omne
1269 515 1414 597 plus
1458 518 1721 580 terroris
1765 538 1966 599 quam
2010 519 2246 581 virium
2291 519 2526 583 ferunt.

369 633 400 675 5
434 612 839 693 Argumento
881 615 967 678 sit
1012 613 1225 679 clades
1264 617 1593 693 Romana;
1636 623 1977 698 patentem
2017 609 2240 698 cepere
2275 619 2530 696 urbem;

431 731 516 775 ex
578 733 721 776 arce
782 713 1233 796 Capitolioque
1294 716 1370 779 iis
1430 717 1668 796 exigua
1728 718 2050 780 resistitur
2111 738 2311 782 manu
2321 739 2338 796 ;
2400 719 2530 782 iam

432 812 788 878 obsidionis
858 815 1077 878 taedio
1148 815 1307 877 victi
1378 815 1741 879 abscedunt
1814 817 2090 898 vagique
2160 839 2276 898 per
2346 840 2531 898 agros

367 932 399 975 6
432 913 758 994 palantur.
846 913 1007 978 Cibo
1083 914 1362 995 vinoque
1448 915 1734 995 raptim.
1779 916 2016 980 hausto
2104 917 2356 997 repleti,
2416 917 2529 981 ubi

433 1035 565 1076 nox
635 1013 909 1094 adpetit,
982 1034 1184 1094 prope
1255 1014 1428 1078 rivos
1501 1036 1821 1096 aquarum
1891 1017 2028 1080 sine
2099 1018 2526 1094 muniment0‚

431 1113 568 1176 sine
619 1114 1013 1177 stationibus
1066 1135 1140 1177 ac
1194 1113 1505 1177 custodiis
1557 1115 1800 1195 passim
1852 1116 2137 1179 ferarum
2189 1118 2320 1180 ritu
2370 1124 2532 1180 ster-

431 1218 697 1290 nuntur,
769 1235 940 1277 nunc
1013 1214 1096 1277 ab
1165 1214 1464 1277 secundis
1534 1215 1726 1277 rebus
1797 1217 2002 1294 magis
2069 1217 2271 1279 etiam
2338 1216 2530 1280 solito

369 1333 398 1377 7
430 1312 697 1376 incauti.
787 1313 852 1377 Si
882 1314 1071 1377 vobis
1113 1314 1181 1376 in
1226 1314 1445 1377 animo
1489 1320 1589 1378 est
1634 1315 1804 1378 tueri
1849 1316 2107 1379 moenia
2151 1323 2370 1380 vestra
2411 1338 2528 1379 nec

429 1413 570 1492 pati
631 1414 790 1477 haec
852 1414 1074 1477 omnia
1135 1414 1470 1477 Gallorum
1536 1414 1691 1490 fieri,
1757 1415 1972 1495 prima
2033 1415 2254 1494 vigilia
2316 1416 2529 1496 capite

431 1533 612 1576 arma
663 1513 1164 1595 frequentesque
1219 1535 1323 1578 me
1375 1514 1722 1595 sequimini
1777 1514 1860 1577 ad
1915 1515 2202 1592 caedem,
2258 1538 2391 1580 non
2444 1516 2526 1579 ad

429 1598 737 1693 pugnam.
825 1613 965 1677 Nisi
995 1615 1249 1677 vinctos
1290 1635 1520 1678 somno
1558 1615 1739 1677 velut
1781 1615 2062 1694 pecudes
2103 1615 2527 1678 trucidandos

428 1713 777 1790 tradider0‚
838 1735 970 1777 non
1027 1734 1250 1777 recuso
1309 1714 1591 1777 eundem
1652 1714 1903 1778 Ardeae
1962 1724 2176 1778 rerum
2237 1736 2528 1779 mearum

426 1813 698 1889 exitum,
741 1834 936 1894 quem
977 1814 1227 1877 Romae
1267 1815 1510 1877 habui'.

365 1935 387 1974 1
551 1913 752 1975 XLV.
801 1914 1043 1993 Aequis
1124 1913 1495 1995 iniquisque
1577 1936 1957 1994 persuasum
2038 1924 2181 1980 erat
2263 1923 2528 1985 tantum

426 2012 593 2075 bello
636 2012 849 2075 virum
890 2014 1218 2077 neminem
1261 2035 1542 2095 usquam
1581 2035 1660 2078 ea
1700 2021 2095 2096 tempestate
2121 2037 2278 2079 esse.
2364 2017 2530 2079 Con·
2564 2032 2569 2036 ’

426 2112 603 2175 tione
659 2112 928 2176 dimissa
983 2135 1253 2195 corpora
1309 2121 1562 2190 curant,
1620 2114 1878 2191 intenti,
1938 2137 2136 2197 quam
2195 2137 2349 2179 mox
2401 2116 2527 2195 sig-

426 2233 585 2275 num
622 2213 906 2276 daretur.
998 2212 1142 2289 Quo
1179 2213 1358 2290 (1310,
1389 2213 1601 2294 primo
1638 2214 1896 2277 silentio
1934 2215 2144 2279 noctis
2183 2216 2264 2279 ad
2302 2224 2527 2297 portas

361 2334 390 2374 2
424 2311 691 2375 Camillo
741 2321 1000 2392 praesto
1050 2313 1244 2376 fuere.
1338 2314 1591 2392 Egressi
1641 2314 1817 2377 haud
1867 2315 2090 2395 procul
2141 2316 2318 2392 urbe,
2356 2316 2525 2379 sicut

423 2413 831 2494 praedictum
895 2420 1058 2490 erat,
1128 2421 1342 2476 castra
1411 2412 1747 2476 Gallorum
1813 2414 2034 2478 intuta
2098 2415 2520 2495 neglectaque

425 2513 507 2576 ab
570 2512 746 2576 omni
811 2520 997 2592 parte
1060 2514 1237 2576 nacti
1304 2535 1453 2576 cum
1491 2513 1764 2593 -ingenti
1830 2514 2110 2577 clamore
2174 2516 2517 2579 invadunt.

359 2633 387 2675 3
424 2613 766 2694 Nusquam
810 2611 1146 2693 proelium,
1176 2613 1482 2676 omnibus
1527 2612 1681 2676 locis
1726 2614 1953 2677 caedes
1995 2622 2094 2677 est
2105 2636 2121 2692 ;
2165 2616 2343 2678 nuda
2389 2636 2527 2678 cor-

421 2734 581 2792 pora
649 2718 717 2776 et
788 2713 1004 2776 soluta
1075 2734 1305 2776 somno
1378 2713 1811 2776 trucidantur.
1904 2716 2251 2777 Extremos
2300 2722 2525 2778 tamen

422 2834 628 2892 pavor
680 2814 1001 2877 cubilibus
1054 2812 1187 2876 suis
1238 2813 1507 2888 excito'S‚
1565 2834 1732 2893 quae
1785 2821 1901 2876 aut
1955 2814 2127 2876 unde
2181 2814 2279 2877 vis
2329 2821 2521 2891 esset,

421 2912 676 2993 ignaros
724 2913 792 2976 in
840 2914 1064 2992 fugam
1112 2919 1179 2976 et
1230 2913 1553 2995 quosdam
1601 2913 1668 2975 in
1717 2915 1974 2976 hostem
2021 2913 2237 2993 ipsum
2285 2914 2526 2994 impro-

423 3012 607 3075 vidos
673 3013 846 3076 tulit.
940 3014 1177 3093 Magna
1242 3034 1393 3092 pars
1459 3013 1529 3075 in
1596 3034 1823 3092 agrum
1891 3013 2232 3076 Antiatem
2299 3013 2520 3091 delati,

419 3113 796 3175 excursione
879 3114 964 3176 ab
1046 3113 1393 3193 oppidanis
1475 3113 1544 3176 in
1626 3113 1884 3193 palatos
1968 3108 2166 3189 facta,
2252 3114 2524 3177 circum-

421 3211 789 3274 veniuntur.

483 3366 532 3408 6.
566 3364 796 3409 hausto:
836 3365 1200 3409 “swallowed.”
1272 3366 1419 3410 rivos
1586 3365 1737 3410 XLV.
1806 3367 1853 3410 1.
1919 3366 2111 3418 acutus
2176 3365 2524 3418 iniquisque:

419 3440 725 3483 aquarum:
762 3433 954 3476 “water
989 3434 1234 3476 courses.''
1301 3433 1421 3476 sine
1524 3434 1746 3476 “friends
1774 3434 1872 3476 and
1902 3435 2056 3477 foeS.''

420 3499 807 3543 munimento:
849 3500 1054 3544 observe
1095 3501 1180 3542 the
1220 3500 1420 3551 implied
1583 3502 1634 3543 2.
1667 3500 1913 3550 ingenti:
1939 3506 2163 3551 stronger
2189 3501 2312 3544 than
2337 3512 2523 3552 maeno.

419 3569 640 3609 contrast
676 3567 797 3609 with
833 3566 919 3609 the
954 3566 1147 3617 nightly
1183 3569 1335 3609 castra
1370 3568 1422 3609 of
1585 3568 1634 3610 8.
1668 3566 1879 3610 soluta:
1926 3568 2181 3612 “relaxed.
2186 3568 2217 3590 ''
2295 3569 2523 3611 Contrast

418 3633 505 3677 the
539 3633 775 3677 Romans,
842 3633 1204 3677 sternuntur:
1237 3633 1421 3677 middle
1521 3634 1641 3676 with
1696 3635 1873 3676 vinctos
1933 3635 2028 3684 (44.
2087 3636 2155 3686 7).
2244 3634 2523 3679 eubilibus

418 3701 571 3743 voice.
1521 3700 1661 3744 suls:
1698 3702 1865 3743 “from
1899 3702 2060 3745 where
2093 3702 2214 3745 each
2248 3702 2383 3753 lay.”
2450 3702 2523 3746 Cf.

482 3768 531 3810 7.
565 3774 782 3811 recuso:
859 3767 1109 3819 emphatic
1184 3767 1261 3809 for
1335 3767 1422 3811 the
1520 3766 1729 3818 ferarum
1770 3768 1869 3810 ritu
1918 3769 2013 3818 (44.
2059 3769 2129 3819 6).
2206 3769 2523 3822 oppidanis.

418 3833 599 3876 tuture.
1521 3834 1598 3877 i..e
1628 3836 1680 3876 of
1708 3835 1930 3878 Antium.
