2975 4367
415 302 487 357 iv.
528 302 613 368 ιο]
1284 300 1520 354 LIBER
1554 300 1644 354 lx
2408 305 2508 358 143

345 496 375 536 4
408 483 694 547 diciones
738 483 916 564 pacis
962 503 1203 565 aequas
1247 481 1438 547 victis
1483 504 1557 546 ac
1604 483 1962 547 victoribus
2006 484 2168 547 fore:
2254 483 2308 548 si
2354 505 2506 564 agro

413 584 808 648 Samnitium
845 583 1283 660 decederetur‚
1324 582 1613 646 coloniae
1650 584 2147 660 abducerentur,
2186 583 2319 647 suis
2355 583 2506 646 inde

414 684 658 764 legibus
732 684 1107 747 Romanum
1182 703 1255 746 ac
1330 683 1692 746 Samnitem
1766 703 1973 763 aequo
2047 683 2302 746 foedere
2376 685 2507 745 vic-

345 797 374 838 5
411 791 655 847 turum.
747 784 868 846 His
904 783 1390 846 condicionibus
1424 789 1734 862 paratum
1781 803 1848 845 se
1896 803 2033 846 esse
2081 783 2308 851 foedus
2356 803 2505 846 cum

412 883 784 947 consulibus
821 883 1033 960 ferire;
1070 883 1124 946 si
1162 883 1318 964 quid
1354 902 1580 945 eorum
1618 882 1977 962 displiceat,
2019 882 2264 962 legatos
2299 883 2504 945 redire

345 996 375 1037 6
411 984 493 1047 ad
550 1004 617 1047 se
676 984 907 1047 vetuit.
1000 984 1178 1046 Haec
1237 1004 1386 1046 cum
1444 983 1680 1061 legatio
1736 984 2238 1058 renuntiaretur,
2276 989 2505 1046 tantus

411 1084 691 1164 gemitus
737 1083 1032 1146 omnium
1079 1084 1298 1147 subito
1346 1089 1614 1145 exortus
1660 1088 1760 1146 est
1809 1089 2128 1163 tantaque
2177 1082 2507 1145 maestitia

411 1184 694 1261 incessit,
753 1190 831 1246 ut
887 1205 1019 1246 non
1075 1184 1335 1264 gravius
1393 1182 1722 1261 accepturi
1780 1182 2173 1258 viderentur,
2230 1181 2285 1245 si
2341 1203 2508 1244 nun-

411 1284 687 1347 tiaretur
754 1284 1058 1346 omnibus
1126 1303 1203 1346 eo
1277 1282 1414 1345 loco
1487 1290 1767 1345 mortem
1837 1282 2276 1362 oppetendam
2345 1302 2502 1345 esse.

344 1399 373 1440 ⁷
410 1385 574 1446 Cum
618 1383 733 1445 diu
774 1383 1105 1447 silentium
1149 1383 1397 1458 fuisset,
1428 1403 1545 1444 nec
1589 1382 1883 1445 consules
1928 1389 2042 1445 aut
2085 1403 2202 1463 pro
2246 1381 2503 1445 foedere

410 1491 550 1546 tam
606 1483 785 1563 turpi
841 1488 956 1546 aut
1012 1491 1241 1546 contra
1295 1483 1524 1545 foedus
1578 1489 1719 1546 tam
1775 1483 2205 1546 necessarium
2262 1482 2504 1546 hiscere

409 1591 695 1663 possent,
780 1590 925 1647 tum
1007 1584 1076 1645 L.
1163 1581 1497 1658 Lentulus,
1575 1582 1688 1664 qui
1765 1583 2063 1662 princeps
2141 1581 2501 1661 legatorum

342 1699 373 1741 s
410 1684 653 1746 virtute
702 1689 902 1764 atque
947 1683 1299 1746 honoribus
1344 1690 1514 1745 erat:
1607 1683 1894 1763 ‘patrem
1968 1682 2215 1745 meum'
2266 1682 2502 1762 inquit,

410 1782 753 1858 ‘consules‚
823 1801 1015 1862 saepe
1084 1782 1305 1845 audivi
1373 1790 1848 1845 memorantem
1915 1802 1983 1845 se
2050 1782 2118 1844 in
2184 1781 2503 1861 Capitolio

406 1903 611 1946 unum
664 1904 796 1946 non
847 1883 1042 1946 fuisse
1095 1889 1428 1946 auctorem
1479 1882 1737 1946 senatui
1787 1882 2201 1945 redimendae
2253 1902 2410 1944 auro
2464 1903 2503 1944 a

407 1982 607 2046 Gallis
660 1984 967 2059 civitatiS,
1022 1982 1286 2063 quando
1339 2003 1454 2045 nec
1507 1982 1682 2046 fossa
1733 1981 2032 2063 valloque
2085 1982 2168 2045 ab
2220 1981 2502 2060 ignavis-

404 2083 569 2147 simo
628 2083 711 2146 ad
769 2104 966 2163 opera
1022 2105 1096 2146 ac
1155 2082 1581 2145 muniendum
1639 2084 1824 2145 hoste
1883 2081 2080 2144 clausi
2137 2088 2376 2157 essent,
2436 2088 2504 2144 et

404 2203 760 2264 erumpere,
804 2183 853 2246 si
899 2205 1031 2246 non
1071 2184 1208 2247 sine
1252 2203 1487 2262 magno
1530 2182 1834 2263 pericu10,
1879 2189 2104 2245 tamen
2144 2182 2281 2244 sine
2325 2189 2504 2245 certa

338 2301 367 2342 9
404 2284 685 2363 pernicie
728 2290 1012 2364 possent.
1103 2282 1293 2358 Quod
1349 2283 1421 2358 si,
1481 2288 1558 2344 ut
1613 2281 1735 2344 illis
1790 2281 2126 2344 decurrere
2179 2301 2261 2344 ex
2316 2281 2504 2360 Capi-

405 2383 563 2446 tolio
612 2384 880 2446 armatis
927 2384 989 2446 in
1041 2384 1292 2446 bostem
1344 2382 1546 2459 licuit,
1597 2403 1728 2462 quo
1773 2401 1966 2461 saepe
2013 2381 2208 2446 modo
2255 2380 2500 2443 obsessi

404 2483 472 2545 in
541 2483 912 2546 obsidentes
982 2489 1355 2563 eruperunt,
1414 2483 1511 2546 ita
1566 2482 1753 2545 nobis
1825 2502 2032 2562 aequo
2090 2487 2207 2545 aut
2275 2480 2499 2560 iniquo

403 2581 544 2646 loco
585 2583 936 2646 dimicandi
980 2583 1442 2646 tantummodo
1485 2602 1637 2645 cum
1680 2583 1866 2645 hoste
1908 2582 2096 2661 copia
2135 2587 2324 2656 esset,
2368 2602 2501 2642 non

403 2683 563 2744 mihi
616 2683 872 2763 paterni
929 2683 1128 2748 animi
1183 2682 1431 2745 indoles
1484 2683 1553 2745 in
1608 2681 1874 2745 consilio
1942 2681 2161 2746 dando
2227 2680 2497 2743 deesset.

304 2803 363 2843 10
402 2783 727 2864 Equidem
777 2789 1053 2846 mortem
1104 2803 1222 2862 pro
1271 2783 1487 2860 patria
1534 2781 1935 2863 praeclaram
1982 2801 2118 2843 esse
2167 2780 2396 2855 fateor,
2435 2786 2503 2843 et

402 2902 506 2945 me
553 2881 655 2946 vel
700 2883 1021 2946 devovere
1065 2902 1183 2960 pro
1227 2881 1469 2961 populo
1517 2882 1819 2944 Romano
1864 2880 2352 2960 legionibusque
2397 2878 2500 2942 vel

303 3004 360 3044 11
399 2982 469 3045 in
521 2982 769 3047 medios
822 3003 924 3046 me
977 2982 1332 3045 immittere
1384 2982 1604 3045 hostes
1655 2988 1927 3060 paratus
1978 3001 2144 3044 sum.
2234 2979 2357 3043 Sed
2397 2980 2501 3042 hic

464 3171 515 3213 4.
549 3168 822 3213 columae:
860 3168 1156 3212 established
1196 3171 1250 3210 at
1293 3167 1404 3210 Fre-

400 3236 555 3288 gellae
578 3235 676 3279 and
702 3236 852 3284 Cales,
879 3245 996 3278 near
1020 3235 1243 3278 Samnite
1265 3235 1405 3277 terri-

350 3308 355 3313 ”
400 3308 531 3355 tory-

465 3372 514 3413 6.
548 3370 935 3414 nuntiaretur:
978 3368 1134 3412 either
1177 3369 1254 3412 for
1296 3368 1404 3421 plu-

400 3438 539 3490 perr„
585 3438 791 3480 because
834 3436 980 3479 made
1023 3440 1403 3488 contemporary

400 3504 521 3548 with
567 3504 845 3552 viderentur,
894 3514 949 3546 or
995 3513 1131 3545 more
1174 3502 1326 3554 likely
1372 3514 1401 3545 a

401 3571 613 3624 possible
642 3571 734 3615 tut.
765 3570 891 3613 from
922 3570 1009 3614 the
1037 3573 1149 3623 past
1181 3570 1320 3622 point
1350 3572 1400 3612 ot

400 3651 541 3683 new.

464 3709 514 3751 ’1.
548 3706 782 3750 meere:
810 3705 905 3749 “to
930 3709 1064 3748 utter
1090 3716 1120 3747 a
1145 3704 1402 3756 syllable.'»

464 3775 515 3816 8.
548 3781 665 3816 non
694 3802 707 3816 .
736 3801 750 3816 .
778 3801 792 3816 .
816 3772 1065 3817 senatui:
1091 3770 1321 3815 “refused
1348 3775 1402 3813 to

400 3844 607 3894 support
652 3840 740 3884 the
783 3840 995 3883 senate's
1039 3838 1207 3892 plan.”
1285 3837 1401 3880 This

401 3908 617 3955 incident
642 3909 683 3953 is
707 3911 794 3951 not
820 3907 1102 3952 mentioned
1128 3905 1398 3950 elsewhere.

1563 3235 1614 3277 9.
1648 3235 1979 3286 eruperunt:
2023 3234 2230 3286 gnome,
2276 3234 2353 3277 for
2394 3243 2504 3276 cus·

1502 3304 1698 3353 tomary
1735 3302 1916 3346 action.
1987 3301 2208 3353 patet-m
2251 3329 2266 3345 .
2309 3329 2324 3345 .
2365 3328 2380 3344 .
2417 3299 2503 3344 ln-

1502 3366 1676 3412 doles:
1705 3368 1830 3421 “my
1857 3368 2061 3413 tather's
2087 3367 2311 3412 mettle.''

1565 3436 1644 3479 ιο.
1678 3435 1972 3480 devovere:
2022 3446 2088 3480 se.
2139 3436 2216 3479 dis
2251 3435 2500 3480 Manibus.

1501 3504 1579 3555 By
1612 3504 1712 3547 this
1750 3508 1831 3546 act
1881 3504 1968 3547 the
2016 3502 2233 3547 devotee
2299 3502 2502 3545 became

1499 3572 1667 3614 sacred
1725 3574 1780 3614 to
1836 3571 1920 3614 the
1977 3570 2110 3619 gods,
2170 3569 2281 3611 who
2336 3569 2499 3613 would

1498 3646 1687 3685 avenge
1757 3635 1831 3675 his
1900 3633 2205 3675 destruction
2276 3632 2344 3684 by
2414 3633 2502 3676 the

1498 3712 1690 3752 enemy.
1746 3700 1810 3744 So
1835 3700 2011 3743 Decius
2034 3700 2143 3742 Mus
2162 3699 2260 3742 had
2284 3700 2499 3743 devoted

1498 3769 1694 3812 himself
1724 3769 1775 3810 in
1808 3769 1900 3810 340
1931 3778 1980 3810 Β.
2012 3779 2057 3811 c.

1566 3836 1646 3881 11.
1680 3842 1782 3887 pro
1843 3842 1901 3877 se
1962 3834 2122 3886 19:18:
2182 3833 2497 3885 rhetorically

1498 3904 1835 3957 representing
1866 3902 2017 3949 death
2044 3912 2099 3947 as
2121 3903 2215 3947 “in
2238 3902 2366 3946 their
2388 3911 2499 3944 own
