2975 4367
398 584 454 626 11

494 292 690 346 mvi.
729 290 782 356 5]
1360 254 1596 342 LIBER
1633 284 1725 339 111
2527 287 2600 342 93

493 473 562 535 in
612 471 858 552 primis,
911 468 1089 551 quod
1139 469 1315 533 haud
1365 489 1551 532 secus
1600 468 1853 531 factum
1902 464 2366 546 improbabant
2417 466 2592 545 boni,

494 592 696 652 quam
744 590 936 634 nemo
983 570 1194 634 facere
1242 589 1553 633 ausurum
1587 566 1968 630 crediderat.
2060 566 2275 629 Creati
2321 587 2471 629 cum
2516 587 2593 630 eo

496 673 581 734 M.
653 669 986 733 Cornelius
1054 668 1533 748 MaluginensiS,
1605 668 1689 729 M.
1761 666 2036 745 Sergius,
2109 666 2179 727 L.
2252 665 2591 742 MinuciuS‚

496 772 572 849 Q.
617 770 856 834 Fabius
888 768 1271 844 Vibulanus,
1310 768 1384 844 Q.
1424 767 1755 842 Poetilius,
1792 767 1865 827 T.
1904 766 2229 828 Antonius
2264 766 2590 842 Merenda,

497 872 583 934 K.
628 870 925 944 Duillius,
967 870 1075 948 Sp.
1119 868 1369 948 Oppius
1405 867 1739 941 Cornicen,
1781 866 1889 927 M'.
1932 863 2305 928 Rabuleius.

621 970 944 1033 XXXVI.
986 968 1102 1031 llle
1119 969 1264 1030 finis
1283 967 1495 1047 Appio
1520 967 1764 1030 alienae
1786 985 2097 1045 personae
2115 964 2417 1030 ferendae
2439 966 2565 1030 fuit
2577 987 2592 1042 ς

494 1092 614 1135 suo
642 1070 774 1133 iam
801 1069 953 1133 inde
983 1069 1199 1131 vivere
1225 1067 1481 1146 ingenio
1511 1067 1744 1145 coepit,
1776 1085 2110 1144 novosque
2139 1064 2432 1145 collegas,
2458 1067 2588 1129 iam

496 1172 878 1251 priusquam
922 1169 1160 1231 inirent
1205 1168 1685 1246 magistratum,
1731 1165 1799 1227 in
1841 1184 1992 1227 suos
2035 1185 2246 1229 mores
2290 1167 2588 1229 formare.

494 1270 781 1334 Cottidie
859 1269 1123 1331 coibant
1199 1267 1465 1329 remotis
1545 1265 1803 1328 arbitris
1813 1284 1829 1340 ς
1906 1263 2057 1327 inde
2118 1265 2592 1345 impotentibus

496 1370 803 1434 instructi
849 1369 1148 1444 consiliis,
1198 1387 1366 1448 quae
1410 1372 1658 1429 secreto
1705 1365 1790 1428 ab
1836 1364 1975 1427 aliis
2021 1365 2411 1445 coquebant,
2459 1366 2591 1428 iam

497 1470 675 1534 haud
704 1467 1175 1532 dissimulando
1202 1467 1595 1546 superbiam,
1625 1465 1753 1528 rari
1806 1464 2043 1540 aditus,
2076 1463 2593 1546 colloquentibus

497 1568 809 1645 difficiles,
851 1568 932 1631 ad
972 1567 1130 1630 Idus
1168 1567 1372 1630 Maias
1406 1587 1541 1628 rem
1579 1565 1954 1645 perduxere.
2437 1582 2441 1587 ·

623 1669 784 1732 Idus
849 1674 994 1731 tum
1063 1668 1272 1730 Maiae
1335 1666 1677 1729 sollemnes
1741 1664 2038 1728 ineundis
2104 1665 2593 1744 magistratibus

496 1776 703 1834 erant.
796 1768 972 1830 Inito
1035 1768 1232 1847 igitur
1293 1767 1702 1845 magistratu,
1752 1765 2036 1844 primum
2099 1765 2358 1828 honoris
2419 1766 2593 1830 diem

497 1869 997 1932 denuntiatione
1059 1867 1338 1946 ingentis
1400 1866 1662 1928 terroris
1724 1864 2039 1943 insignem
2081 1864 2304 1928 fecere.
2417 1865 2588 1930 Nam

498 1990 647 2032 cum
707 1969 803 2031 ita
862 1969 1105 2048 priores
1164 1965 1514 2029 decemviri
1571 1970 1957 2041 servassent,
2021 1971 2097 2028 ut
2157 1985 2325 2029 unus
2384 1966 2590 2031 fasces

498 2070 787 2145 haberet,
831 2075 899 2153 et
941 2069 1061 2130 hoc
1103 2067 1350 2145 insigne
1389 2066 1635 2143 regium
1677 2065 1745 2125 in
1785 2065 2008 2127 orbem
2049 2085 2236 2128 suam
2278 2067 2589 2146 cuiusque

498 2170 706 2233 vicem
744 2189 860 2248 per
896 2187 1120 2230 omnes
1158 2167 1300 2241 iret,
1340 2166 1559 2229 subito
1597 2184 1821 2227 omnes
1860 2184 2008 2226 cum
2046 2158 2364 2229 duodenis
2402 2166 2591 2230 fasci-

495 2270 619 2333 bus
685 2268 999 2349 prodiere.
1090 2267 1369 2329 Centum
1418 2264 1650 2343 viginti
1731 2262 1987 2327 lictores
2069 2264 2283 2327 forum
2364 2265 2590 2346 imple-
2661 2317 2669 2325 .

497 2376 751 2444 verant,
797 2374 866 2431 et
912 2388 1060 2430 cum
1105 2366 1388 2430 fascibus
1440 2384 1693 2427 secures
1751 2363 2053 2442 inligatas
2110 2363 2564 2445 praeferebant
2576 2388 2592 2444 ,·

497 2490 615 2532 nec
685 2468 1028 2532 attinuisse
1093 2467 1268 2529 demi
1333 2484 1642 2540 securem,
1712 2483 1861 2526 cum
1926 2463 2064 2527 sine
2127 2467 2609 2545 provocatione

498 2569 700 2632 creati
738 2575 974 2642 essent,
1017 2566 1638 2645 interpretabantur.

624 2670 865 2731 Decem
923 2687 1147 2745 regum
1204 2666 1447 2745 species
1505 2669 1666 2740 erat,
1728 2662 2329 2745 multiplicatusque
2387 2673 2593 2730 terror

420 2829 423 2833 .
497 2790 629 2832 non
678 2768 919 2830 infimis
967 2766 1197 2841 solum,
1249 2765 1362 2828 sed
1413 2764 1804 2844 primoribus
1853 2770 2118 2843 patrum
2168 2766 2327 2828 ratis
2378 2767 2591 2831 caedis

498 2887 762 2931 causam
831 2888 905 2930 ac
972 2866 1360 2946 principium
1429 2864 1671 2945 quaeri,
1740 2870 1836 2939 ut,
1904 2865 1959 2927 si
2025 2865 2169 2945 quis
2236 2885 2586 2930 memorem

497 2968 819 3030 libertatis
869 2986 1096 3029 vocem
1148 2971 1264 3029 aut
1313 2965 1380 3027 in
1428 2971 1663 3027 senatu
1714 2969 1830 3026 aut
1879 2964 1947 3026 in
1996 2964 2236 3045 populo
2287 2967 2586 3043 misisset,

495 3068 722 3131 statim
787 3067 1005 3145 virgae
1065 3085 1447 3144 securesque
1508 3065 1709 3127 etiam
1772 3064 1854 3126 ad
1918 3071 2277 3128 ceterorum
2340 3073 2591 3130 metum

557 3216 802 3260 XXXVI.
839 3217 887 3259 1.
921 3214 1135 3258 alienae
1172 3245 1185 3259 .
1223 3244 1236 3258 .
1273 3245 1286 3257 .
1318 3214 1496 3257 feren·
1594 3214 1804 3256 stration
1841 3212 1952 3257 that
1992 3213 2170 3257 caused
2210 3219 2345 3266 great
2385 3214 2593 3261 alarm.”

496 3285 622 3331 dae:
662 3284 754 3327 “of
789 3285 957 3333 acting
992 3293 1022 3325 a
1057 3283 1157 3325 role
1193 3283 1335 3325 other
1371 3282 1495 3325 than
1594 3289 1761 3324 sunm
1792 3310 1806 3323 .
1839 3310 1853 3324 .
1887 3309 1900 3323 .
1928 3282 2135 3325 vicem:
2166 3282 2260 3325 “to
2288 3284 2411 3326 each
2437 3285 2488 3327 in
2516 3285 2593 3328 his

493 3351 570 3395 his
595 3352 757 3394 own.'’
1596 3348 1761 3390 turn.”
1821 3348 1910 3391 See
1935 3358 2000 3390 on
2032 3350 2072 3392 1.
2101 3350 2251 3402 9.,15.

558 3420 608 3462 2.
641 3416 1081 3470 impotentibus:
1119 3417 1328 3462 “madss'
1385 3417 1495 3458 rari
1655 3415 1706 3458 4.
1738 3415 2135 3466 impleverant:
2163 3427 2243 3460 see
2268 3427 2333 3459 on
2366 3420 2406 3461 1.
2437 3420 2512 3462 29.
2542 3422 2591 3465 4.

494 3487 708 3530 aditus:
770 3485 1066 3537 descriptive
1125 3495 1232 3534 gen.
1295 3483 1496 3535 parallel
1594 3490 1835 3526 secures:
1902 3483 2033 3525 since
2098 3483 2184 3526 the
2253 3484 2353 3527 Lex
2399 3485 2591 3529 Valeria

492 3554 614 3597 with
642 3553 870 3599 difficiles.
1601 3552 1711 3600 (508
1763 3563 1811 3593 Β.
1854 3552 1923 3601 e.)
2004 3551 2089 3594 the
2160 3553 2315 3594 fasces
2384 3553 2438 3596 of
2507 3555 2592 3598 the

555 3624 605 3664 3.
639 3620 962 3664 sollemnes:
982 3619 1357 3669 “customary.''
1391 3618 1496 3662 The
1594 3618 1787 3660 consuls
1823 3618 1964 3660 when
2002 3618 2053 3660 in
2092 3618 2178 3662 the
2214 3621 2319 3671 city
2354 3620 2453 3663 had
2491 3621 2590 3665 had

491 3687 649 3730 oldest
690 3687 889 3729 Roman
929 3696 1046 3738 year
1085 3686 1242 3736 began
1283 3685 1402 3728 Mar.
1449 3687 1495 3730 1:
1594 3695 1658 3726 no
1695 3695 1825 3733 axes.
1866 3686 2190 3737 symbolizing
2224 3697 2388 3739 power
2422 3688 2474 3731 of
2508 3688 2592 3732 life

492 3755 646 3798 hence
697 3754 999 3806 September.
1057 3753 1183 3796 “the
1234 3753 1494 3802 seventh,”
1594 3753 1691 3795 and
1719 3754 1886 3796 death.
1946 3762 2047 3796 nee
2075 3755 2410 3799 attenuisse:
2439 3756 2590 3801 “that

491 3825 586 3865 etc.
662 3821 913 3865 honoris:
958 3821 1170 3863 “tenure
1210 3821 1262 3862 of
1302 3821 1493 3863 office.”
1591 3822 1631 3864 it
1658 3823 1803 3865 made
1828 3833 1893 3865 no
1918 3823 2229 3869 difference.”

492 3887 943 3941 denuntiatione,
1000 3891 1114 3933 etc.:
1169 3887 1240 3930 “a
1290 3887 1493 3933 demon-
