<?xml version="1.0" encoding="UTF-8"?>
<!DOCTYPE html PUBLIC "-//W3C//DTD XHTML 1.0 Transitional//EN"
    "http://www.w3.org/TR/xhtml1/DTD/xhtml1-transitional.dtd">
<html xmlns="http://www.w3.org/1999/xhtml" xml:lang="en" lang="en">
 <head>
  <title>
</title>
<meta http-equiv="Content-Type" content="text/html;charset=utf-8" />
  <meta name='ocr-system' content='tesseract 3.04.00' />
  <meta name='ocr-capabilities' content='ocr_page ocr_carea ocr_par ocr_line ocrx_word'/>
</head>
<body>
  <div class='ocr_page' id='page_1' title='image "./livyselectionsf00longgoog_0105.png"; bbox 0 0 2975 4367; ppageno 0'>
   <div class='ocr_carea' id='block_1_1' title="bbox 394 255 2478 328">
    <p class='ocr_par' dir='ltr' id='par_1_1' title="bbox 394 255 2478 328">
     <span class='ocr_line' id='line_1_1' title="bbox 394 255 2478 328; baseline 0.002 -15"><span class='ocrx_word' id='word_1_1' title='bbox 394 255 528 314; x_wconf 72' lang='lat' dir='ltr'>xlvi.</span> <span class='ocrx_word' id='word_1_2' title='bbox 568 257 621 328; x_wconf 86' lang='lat'>9]</span> <span class='ocrx_word' id='word_1_3' title='bbox 1258 259 1494 316; x_wconf 82' lang='lat' dir='ltr'>LIBER</span> <span class='ocrx_word' id='word_1_4' title='bbox 1532 260 1624 316; x_wconf 93' lang='lat'>111</span> <span class='ocrx_word' id='word_1_5' title='bbox 2020 307 2026 312; x_wconf 91' lang='lat'><em>.</em></span> <span class='ocrx_word' id='word_1_6' title='bbox 2381 263 2478 318; x_wconf 91' lang='lat'>101</span> 
     </span>
    </p>
   </div>
   <div class='ocr_carea' id='block_1_2' title="bbox 316 440 2489 3224">
    <p class='ocr_par' dir='ltr' id='par_1_2' title="bbox 390 440 2486 626">
     <span class='ocr_line' id='line_1_2' title="bbox 390 440 2486 526; baseline 0 -21"><span class='ocrx_word' id='word_1_7' title='bbox 390 440 653 507; x_wconf 84' lang='lat' dir='ltr'>defendi</span> <span class='ocrx_word' id='word_1_8' title='bbox 684 441 769 507; x_wconf 90' lang='lat' dir='ltr'>ab</span> <span class='ocrx_word' id='word_1_9' title='bbox 805 441 1005 520; x_wconf 89' lang='lat' dir='ltr'>Icilio,</span> <span class='ocrx_word' id='word_1_10' title='bbox 1034 443 1147 508; x_wconf 90' lang='lat' dir='ltr'>sed</span> <span class='ocrx_word' id='word_1_11' title='bbox 1183 444 1551 526; x_wconf 87' lang='lat' dir='ltr'>inquietum</span> <span class='ocrx_word' id='word_1_12' title='bbox 1588 443 1915 508; x_wconf 92' lang='lat' dir='ltr'>hominem</span> <span class='ocrx_word' id='word_1_13' title='bbox 1960 449 2028 509; x_wconf 91' lang='lat' dir='ltr'>et</span> <span class='ocrx_word' id='word_1_14' title='bbox 2072 443 2486 509; x_wconf 91' lang='lat' dir='ltr'>tribunatum</span> 
     </span>
     <span class='ocr_line' id='line_1_3' title="bbox 391 543 2482 626; baseline 0 -20"><span class='ocrx_word' id='word_1_15' title='bbox 391 543 590 606; x_wconf 86' lang='lat' dir='ltr'>etiam</span> <span class='ocrx_word' id='word_1_16' title='bbox 628 564 800 606; x_wconf 92' lang='lat' dir='ltr'>nunc</span> <span class='ocrx_word' id='word_1_17' title='bbox 827 544 1185 625; x_wconf 79' lang='lat' dir='ltr'>spirantem</span> <span class='ocrx_word' id='word_1_18' title='bbox 1232 544 1444 608; x_wconf 92' lang='lat' dir='ltr'>locum</span> <span class='ocrx_word' id='word_1_19' title='bbox 1489 545 1826 609; x_wconf 80' lang='lat' dir='ltr'>seditionis</span> <span class='ocrx_word' id='word_1_20' title='bbox 1871 565 2176 626; x_wconf 84' lang='lat' dir='ltr'>quaerere</span> <span class='ocrx_word' id='word_1_21' title='bbox 2219 545 2482 608; x_wconf 89' lang='lat' dir='ltr'>diceret.</span> 
     </span>
    </p>

    <p class='ocr_par' dir='ltr' id='par_1_3' title="bbox 326 642 2486 1126">
     <span class='ocr_line' id='line_1_4' title="bbox 326 642 2486 723; baseline 0 -18"><span class='ocrx_word' id='word_1_22' title='bbox 326 653 356 695; x_wconf 82' lang='grc'>3</span> <span class='ocrx_word' id='word_1_23' title='bbox 393 642 541 706; x_wconf 96' lang='lat' dir='ltr'>Non</span> <span class='ocrx_word' id='word_1_24' title='bbox 563 644 1013 723; x_wconf 77' lang='lat' dir='ltr'>praebiturum</span> <span class='ocrx_word' id='word_1_25' title='bbox 1040 665 1108 708; x_wconf 91' lang='lat' dir='ltr'>se</span> <span class='ocrx_word' id='word_1_26' title='bbox 1135 645 1225 707; x_wconf 94' lang='lat' dir='ltr'>illi</span> <span class='ocrx_word' id='word_1_27' title='bbox 1245 666 1322 708; x_wconf 91' lang='lat' dir='ltr'>eo</span> <span class='ocrx_word' id='word_1_28' title='bbox 1349 644 1455 708; x_wconf 93' lang='lat' dir='ltr'>die</span> <span class='ocrx_word' id='word_1_29' title='bbox 1477 645 1820 708; x_wconf 90' lang='lat' dir='ltr'>materiam</span> <span class='ocrx_word' id='word_1_30' title='bbox 1830 665 1848 723; x_wconf 87' lang='lat'>;</span> <span class='ocrx_word' id='word_1_31' title='bbox 1883 644 1995 708; x_wconf 93' lang='lat' dir='ltr'>sed</span> <span class='ocrx_word' id='word_1_32' title='bbox 2033 651 2109 707; x_wconf 94' lang='lat' dir='ltr'>ut</span> <span class='ocrx_word' id='word_1_33' title='bbox 2136 646 2267 708; x_wconf 92' lang='lat' dir='ltr'>iam</span> <span class='ocrx_word' id='word_1_34' title='bbox 2293 645 2486 708; x_wconf 90' lang='lat' dir='ltr'>sciret</span> 
     </span>
     <span class='ocr_line' id='line_1_5' title="bbox 392 742 2486 825; baseline 0 -20"><span class='ocrx_word' id='word_1_35' title='bbox 392 764 525 805; x_wconf 93' lang='lat' dir='ltr'>non</span> <span class='ocrx_word' id='word_1_36' title='bbox 567 742 633 805; x_wconf 93' lang='lat' dir='ltr'>id</span> <span class='ocrx_word' id='word_1_37' title='bbox 680 744 1084 823; x_wconf 76' lang='lat' dir='ltr'>petulantiae</span> <span class='ocrx_word' id='word_1_38' title='bbox 1127 765 1302 821; x_wconf 89' lang='lat' dir='ltr'>suae,</span> <span class='ocrx_word' id='word_1_39' title='bbox 1349 745 1462 808; x_wconf 89' lang='lat' dir='ltr'>sed</span> <span class='ocrx_word' id='word_1_40' title='bbox 1509 745 1810 824; x_wconf 88' lang='lat' dir='ltr'>Verginio</span> <span class='ocrx_word' id='word_1_41' title='bbox 1857 745 2111 808; x_wconf 83' lang='lat' dir='ltr'>absenti</span> <span class='ocrx_word' id='word_1_42' title='bbox 2153 751 2223 809; x_wconf 89' lang='lat' dir='ltr'>et</span> <span class='ocrx_word' id='word_1_43' title='bbox 2267 744 2486 825; x_wconf 90' lang='lat' dir='ltr'>patrio</span> 
     </span>
     <span class='ocr_line' id='line_1_6' title="bbox 392 842 2483 921; baseline 0 -16"><span class='ocrx_word' id='word_1_44' title='bbox 392 843 640 905; x_wconf 91' lang='lat' dir='ltr'>nomini</span> <span class='ocrx_word' id='word_1_45' title='bbox 683 849 752 906; x_wconf 91' lang='lat' dir='ltr'>et</span> <span class='ocrx_word' id='word_1_46' title='bbox 797 842 1084 907; x_wconf 88' lang='lat' dir='ltr'>libertati</span> <span class='ocrx_word' id='word_1_47' title='bbox 1128 845 1381 921; x_wconf 87' lang='lat' dir='ltr'>datum,</span> <span class='ocrx_word' id='word_1_48' title='bbox 1429 845 1530 909; x_wconf 88' lang='lat' dir='ltr'>ius</span> <span class='ocrx_word' id='word_1_49' title='bbox 1573 865 1649 908; x_wconf 91' lang='lat' dir='ltr'>eo</span> <span class='ocrx_word' id='word_1_50' title='bbox 1695 845 1799 908; x_wconf 89' lang='lat' dir='ltr'>die</span> <span class='ocrx_word' id='word_1_51' title='bbox 1842 866 1910 908; x_wconf 89' lang='lat' dir='ltr'>se</span> <span class='ocrx_word' id='word_1_52' title='bbox 1954 866 2087 908; x_wconf 91' lang='lat' dir='ltr'>non</span> <span class='ocrx_word' id='word_1_53' title='bbox 2130 844 2483 919; x_wconf 86' lang='lat' dir='ltr'>dicturum,</span> 
     </span>
     <span class='ocr_line' id='line_1_7' title="bbox 393 943 2483 1025; baseline 0 -19"><span class='ocrx_word' id='word_1_54' title='bbox 393 962 603 1025; x_wconf 90' lang='lat' dir='ltr'>neque</span> <span class='ocrx_word' id='word_1_55' title='bbox 635 943 970 1007; x_wconf 92' lang='lat' dir='ltr'>decretum</span> <span class='ocrx_word' id='word_1_56' title='bbox 1003 945 1569 1024; x_wconf 87' lang='lat' dir='ltr'>interpositurum;</span> <span class='ocrx_word' id='word_1_57' title='bbox 1604 966 1644 1009; x_wconf 91' lang='lat' dir='ltr'>a</span> <span class='ocrx_word' id='word_1_58' title='bbox 1677 945 1761 1007; x_wconf 94' lang='lat' dir='ltr'>M.</span> <span class='ocrx_word' id='word_1_59' title='bbox 1798 944 2067 1008; x_wconf 88' lang='lat' dir='ltr'>Claudio</span> <span class='ocrx_word' id='word_1_60' title='bbox 2100 945 2483 1025; x_wconf 90' lang='lat' dir='ltr'>petiturum,</span> 
     </span>
     <span class='ocr_line' id='line_1_8' title="bbox 393 1042 2486 1126; baseline -0 -20"><span class='ocrx_word' id='word_1_61' title='bbox 393 1049 470 1106; x_wconf 93' lang='lat' dir='ltr'>ut</span> <span class='ocrx_word' id='word_1_62' title='bbox 503 1042 843 1107; x_wconf 82' lang='lat' dir='ltr'>decederet</span> <span class='ocrx_word' id='word_1_63' title='bbox 887 1044 1023 1107; x_wconf 93' lang='lat' dir='ltr'>iure</span> <span class='ocrx_word' id='word_1_64' title='bbox 1056 1065 1175 1107; x_wconf 92' lang='lat' dir='ltr'>suo</span> <span class='ocrx_word' id='word_1_65' title='bbox 1213 1044 1658 1126; x_wconf 90' lang='lat' dir='ltr'>vindicarique</span> <span class='ocrx_word' id='word_1_66' title='bbox 1705 1044 1988 1125; x_wconf 88' lang='lat' dir='ltr'>puellam</span> <span class='ocrx_word' id='word_1_67' title='bbox 2036 1045 2105 1108; x_wconf 89' lang='lat' dir='ltr'>in</span> <span class='ocrx_word' id='word_1_68' title='bbox 2152 1051 2486 1124; x_wconf 90' lang='lat' dir='ltr'>posterum</span> 
     </span>
    </p>

    <p class='ocr_par' dir='ltr' id='par_1_4' title="bbox 326 1142 2486 1621">
     <span class='ocr_line' id='line_1_9' title="bbox 326 1142 2484 1225; baseline 0.002 -21"><span class='ocrx_word' id='word_1_69' title='bbox 326 1157 358 1197; x_wconf 89' lang='lat'>4</span> <span class='ocrx_word' id='word_1_70' title='bbox 392 1142 566 1206; x_wconf 92' lang='lat' dir='ltr'>diem</span> <span class='ocrx_word' id='word_1_71' title='bbox 618 1150 979 1223; x_wconf 88' lang='lat' dir='ltr'>pateretur;</span> <span class='ocrx_word' id='word_1_72' title='bbox 1033 1144 1210 1224; x_wconf 90' lang='lat' dir='ltr'>quod</span> <span class='ocrx_word' id='word_1_73' title='bbox 1264 1146 1386 1207; x_wconf 82' lang='lat' dir='ltr'>nisi</span> <span class='ocrx_word' id='word_1_74' title='bbox 1439 1152 1628 1224; x_wconf 89' lang='lat' dir='ltr'>pater</span> <span class='ocrx_word' id='word_1_75' title='bbox 1678 1152 1938 1225; x_wconf 90' lang='lat' dir='ltr'>postero</span> <span class='ocrx_word' id='word_1_76' title='bbox 1991 1144 2096 1208; x_wconf 91' lang='lat' dir='ltr'>die</span> <span class='ocrx_word' id='word_1_77' title='bbox 2149 1144 2484 1220; x_wconf 83' lang='lat' dir='ltr'>adfuisset,</span> 
     </span>
     <span class='ocr_line' id='line_1_10' title="bbox 392 1242 2486 1325; baseline 0.001 -21"><span class='ocrx_word' id='word_1_78' title='bbox 392 1243 779 1306; x_wconf 91' lang='lat' dir='ltr'>denuntiare</span> <span class='ocrx_word' id='word_1_79' title='bbox 829 1264 897 1306; x_wconf 92' lang='lat' dir='ltr'>se</span> <span class='ocrx_word' id='word_1_80' title='bbox 949 1243 1129 1307; x_wconf 93' lang='lat' dir='ltr'>Icilio</span> <span class='ocrx_word' id='word_1_81' title='bbox 1181 1244 1629 1325; x_wconf 86' lang='lat' dir='ltr'>similibusque</span> <span class='ocrx_word' id='word_1_82' title='bbox 1681 1245 1841 1322; x_wconf 86' lang='lat' dir='ltr'>Icili,</span> <span class='ocrx_word' id='word_1_83' title='bbox 1896 1265 2107 1324; x_wconf 89' lang='lat' dir='ltr'>neque</span> <span class='ocrx_word' id='word_1_84' title='bbox 2158 1242 2280 1322; x_wconf 87' lang='lat' dir='ltr'>legi</span> <span class='ocrx_word' id='word_1_85' title='bbox 2331 1264 2486 1307; x_wconf 90' lang='lat' dir='ltr'>suae</span> 
     </span>
     <span class='ocr_line' id='line_1_11' title="bbox 394 1340 2484 1424; baseline 0.001 -20"><span class='ocrx_word' id='word_1_86' title='bbox 394 1341 668 1406; x_wconf 88' lang='lat' dir='ltr'>latorem</span> <span class='ocrx_word' id='word_1_87' title='bbox 726 1364 937 1424; x_wconf 91' lang='lat' dir='ltr'>neque</span> <span class='ocrx_word' id='word_1_88' title='bbox 993 1340 1361 1407; x_wconf 79' lang='lat' dir='ltr'>decemviro</span> <span class='ocrx_word' id='word_1_89' title='bbox 1420 1345 1860 1408; x_wconf 87' lang='lat' dir='ltr'>constantiam</span> <span class='ocrx_word' id='word_1_90' title='bbox 1917 1344 2155 1407; x_wconf 85' lang='lat' dir='ltr'>defore.</span> <span class='ocrx_word' id='word_1_91' title='bbox 2247 1343 2380 1406; x_wconf 93' lang='lat' dir='ltr'>Nec</span> <span class='ocrx_word' id='word_1_92' title='bbox 2417 1364 2484 1406; x_wconf 92' lang='lat' dir='ltr'>se</span> 
     </span>
     <span class='ocr_line' id='line_1_12' title="bbox 396 1443 2486 1523; baseline 0 -18"><span class='ocrx_word' id='word_1_93' title='bbox 396 1444 622 1523; x_wconf 91' lang='lat' dir='ltr'>utique</span> <span class='ocrx_word' id='word_1_94' title='bbox 670 1443 1058 1523; x_wconf 86' lang='lat' dir='ltr'>collegarum</span> <span class='ocrx_word' id='word_1_95' title='bbox 1105 1443 1362 1508; x_wconf 84' lang='lat' dir='ltr'>lictores</span> <span class='ocrx_word' id='word_1_96' title='bbox 1408 1451 1921 1507; x_wconf 87' lang='lat' dir='ltr'>convocaturum</span> <span class='ocrx_word' id='word_1_97' title='bbox 1970 1444 2053 1508; x_wconf 93' lang='lat' dir='ltr'>ad</span> <span class='ocrx_word' id='word_1_98' title='bbox 2101 1443 2486 1507; x_wconf 90' lang='lat' dir='ltr'>coercendos</span> 
     </span>
     <span class='ocr_line' id='line_1_13' title="bbox 380 1542 2354 1621; baseline -0.001 -15"><span class='ocrx_word' id='word_1_99' title='bbox 380 1542 727 1606; x_wconf 73' lang='lat' dir='ltr'>vseditionis</span> <span class='ocrx_word' id='word_1_100' title='bbox 767 1550 1062 1607; x_wconf 89' lang='lat' dir='ltr'>auctores</span> <span class='ocrx_word' id='word_1_101' title='bbox 1072 1565 1089 1621; x_wconf 89' lang='lat'>;</span> <span class='ocrx_word' id='word_1_102' title='bbox 1128 1551 1513 1607; x_wconf 90' lang='lat' dir='ltr'>contentum</span> <span class='ocrx_word' id='word_1_103' title='bbox 1550 1565 1619 1607; x_wconf 90' lang='lat' dir='ltr'>se</span> <span class='ocrx_word' id='word_1_104' title='bbox 1656 1544 1788 1607; x_wconf 89' lang='lat' dir='ltr'>suis</span> <span class='ocrx_word' id='word_1_105' title='bbox 1826 1544 2161 1608; x_wconf 88' lang='lat' dir='ltr'>lictoribus</span> <span class='ocrx_word' id='word_1_106' title='bbox 2198 1543 2354 1607; x_wconf 86' lang='lat' dir='ltr'>fore.</span> 
     </span>
    </p>

    <p class='ocr_par' dir='ltr' id='par_1_5' title="bbox 325 1643 2487 2024">
     <span class='ocr_line' id='line_1_14' title="bbox 325 1643 2486 1731; baseline 0.001 -29"><span class='ocrx_word' id='word_1_107' title='bbox 325 1657 359 1702; x_wconf 73' lang='lat'>5</span> <span class='ocrx_word' id='word_1_108' title='bbox 518 1643 682 1706; x_wconf 89' lang='lat' dir='ltr'>Cum</span> <span class='ocrx_word' id='word_1_109' title='bbox 711 1643 1018 1731; x_wconf 24' lang='lat' dir='ltr'>’dilatum</span> <span class='ocrx_word' id='word_1_110' title='bbox 1077 1650 1339 1724; x_wconf 88' lang='lat' dir='ltr'>tempus</span> <span class='ocrx_word' id='word_1_111' title='bbox 1395 1644 1667 1707; x_wconf 92' lang='lat' dir='ltr'>iniuriae</span> <span class='ocrx_word' id='word_1_112' title='bbox 1723 1650 1892 1707; x_wconf 89' lang='lat' dir='ltr'>esset</span> <span class='ocrx_word' id='word_1_113' title='bbox 1948 1644 2486 1724; x_wconf 89' lang='lat' dir='ltr'>secessissentque</span> 
     </span>
     <span class='ocr_line' id='line_1_15' title="bbox 393 1741 2487 1825; baseline -0.001 -18"><span class='ocrx_word' id='word_1_114' title='bbox 393 1741 700 1807; x_wconf 89' lang='lat' dir='ltr'>advocati</span> <span class='ocrx_word' id='word_1_115' title='bbox 746 1743 1017 1823; x_wconf 86' lang='lat' dir='ltr'>puellae,</span> <span class='ocrx_word' id='word_1_116' title='bbox 1066 1744 1312 1825; x_wconf 87' lang='lat' dir='ltr'>placuit</span> <span class='ocrx_word' id='word_1_117' title='bbox 1358 1743 1653 1807; x_wconf 91' lang='lat' dir='ltr'>omnium</span> <span class='ocrx_word' id='word_1_118' title='bbox 1699 1744 1982 1825; x_wconf 91' lang='lat' dir='ltr'>primum</span> <span class='ocrx_word' id='word_1_119' title='bbox 2030 1744 2300 1806; x_wconf 84' lang='lat' dir='ltr'>fratrem</span> <span class='ocrx_word' id='word_1_120' title='bbox 2348 1742 2487 1805; x_wconf 92' lang='lat' dir='ltr'>Icili</span> 
     </span>
     <span class='ocr_line' id='line_1_16' title="bbox 393 1842 2487 1923; baseline 0 -19"><span class='ocrx_word' id='word_1_121' title='bbox 393 1842 727 1922; x_wconf 89' lang='lat' dir='ltr'>filiumque</span> <span class='ocrx_word' id='word_1_122' title='bbox 772 1843 1120 1920; x_wconf 89' lang='lat' dir='ltr'>Numitori,</span> <span class='ocrx_word' id='word_1_123' title='bbox 1163 1843 1470 1923; x_wconf 86' lang='lat' dir='ltr'>impigros</span> <span class='ocrx_word' id='word_1_124' title='bbox 1511 1844 1798 1920; x_wconf 79' lang='lat' dir='ltr'>iuveneS,</span> <span class='ocrx_word' id='word_1_125' title='bbox 1841 1863 2102 1923; x_wconf 87' lang='lat' dir='ltr'>pergere</span> <span class='ocrx_word' id='word_1_126' title='bbox 2129 1842 2487 1906; x_wconf 84' lang='lat' dir='ltr'>inderecta</span> 
     </span>
     <span class='ocr_line' id='line_1_17' title="bbox 394 1942 2486 2024; baseline 0 -18"><span class='ocrx_word' id='word_1_127' title='bbox 394 1942 477 2006; x_wconf 90' lang='lat' dir='ltr'>ad</span> <span class='ocrx_word' id='word_1_128' title='bbox 536 1949 817 2022; x_wconf 88' lang='lat' dir='ltr'>portam,</span> <span class='ocrx_word' id='word_1_129' title='bbox 877 1949 966 2019; x_wconf 86' lang='lat' dir='ltr'>et,</span> <span class='ocrx_word' id='word_1_130' title='bbox 1028 1948 1353 2023; x_wconf 90' lang='lat' dir='ltr'>quantum</span> <span class='ocrx_word' id='word_1_131' title='bbox 1413 1942 1752 2006; x_wconf 90' lang='lat' dir='ltr'>accelerari</span> <span class='ocrx_word' id='word_1_132' title='bbox 1810 1949 2048 2024; x_wconf 90' lang='lat' dir='ltr'>posset,</span> <span class='ocrx_word' id='word_1_133' title='bbox 2109 1942 2486 2024; x_wconf 87' lang='lat' dir='ltr'>Verginium</span> 
     </span>
    </p>

    <p class='ocr_par' dir='ltr' id='par_1_6' title="bbox 325 2041 2489 2324">
     <span class='ocr_line' id='line_1_18' title="bbox 325 2041 2485 2124; baseline 0.003 -24"><span class='ocrx_word' id='word_1_134' title='bbox 325 2057 358 2100; x_wconf 83' lang='lat' dir='ltr'>c</span> <span class='ocrx_word' id='word_1_135' title='bbox 394 2042 584 2105; x_wconf 91' lang='lat' dir='ltr'>acciri</span> <span class='ocrx_word' id='word_1_136' title='bbox 630 2062 667 2105; x_wconf 91' lang='lat' dir='ltr'>c</span> <span class='ocrx_word' id='word_1_137' title='bbox 716 2043 970 2106; x_wconf 87' lang='lat' dir='ltr'>castris:</span> <span class='ocrx_word' id='word_1_138' title='bbox 1018 2043 1087 2105; x_wconf 91' lang='lat' dir='ltr'>in</span> <span class='ocrx_word' id='word_1_139' title='bbox 1133 2062 1209 2106; x_wconf 90' lang='lat' dir='ltr'>eo</span> <span class='ocrx_word' id='word_1_140' title='bbox 1259 2042 1427 2105; x_wconf 89' lang='lat' dir='ltr'>verti</span> <span class='ocrx_word' id='word_1_141' title='bbox 1476 2041 1728 2122; x_wconf 90' lang='lat' dir='ltr'>puellae</span> <span class='ocrx_word' id='word_1_142' title='bbox 1775 2042 2075 2120; x_wconf 86' lang='lat' dir='ltr'>salutem,</span> <span class='ocrx_word' id='word_1_143' title='bbox 2124 2042 2179 2106; x_wconf 91' lang='lat' dir='ltr'>si</span> <span class='ocrx_word' id='word_1_144' title='bbox 2225 2049 2485 2124; x_wconf 90' lang='lat' dir='ltr'>postero</span> 
     </span>
     <span class='ocr_line' id='line_1_19' title="bbox 392 2141 2489 2223; baseline -0 -19"><span class='ocrx_word' id='word_1_145' title='bbox 392 2141 496 2205; x_wconf 93' lang='lat' dir='ltr'>die</span> <span class='ocrx_word' id='word_1_146' title='bbox 540 2142 783 2205; x_wconf 84' lang='lat' dir='ltr'>vindex</span> <span class='ocrx_word' id='word_1_147' title='bbox 823 2142 1095 2206; x_wconf 88' lang='lat' dir='ltr'>iniuriae</span> <span class='ocrx_word' id='word_1_148' title='bbox 1139 2142 1220 2206; x_wconf 92' lang='lat' dir='ltr'>ad</span> <span class='ocrx_word' id='word_1_149' title='bbox 1264 2149 1528 2223; x_wconf 91' lang='lat' dir='ltr'>tempus</span> <span class='ocrx_word' id='word_1_150' title='bbox 1571 2149 1830 2223; x_wconf 90' lang='lat' dir='ltr'>praesto</span> <span class='ocrx_word' id='word_1_151' title='bbox 1873 2149 2063 2206; x_wconf 89' lang='lat' dir='ltr'>esset.</span> <span class='ocrx_word' id='word_1_152' title='bbox 2150 2141 2318 2205; x_wconf 91' lang='lat' dir='ltr'>Iussi</span> <span class='ocrx_word' id='word_1_153' title='bbox 2346 2163 2489 2223; x_wconf 91' lang='lat' dir='ltr'>per-</span> 
     </span>
     <span class='ocr_line' id='line_1_20' title="bbox 392 2242 2483 2324; baseline 0 -20"><span class='ocrx_word' id='word_1_154' title='bbox 392 2248 556 2323; x_wconf 87' lang='lat' dir='ltr'>gunt</span> <span class='ocrx_word' id='word_1_155' title='bbox 623 2242 969 2323; x_wconf 89' lang='lat' dir='ltr'>citatisque</span> <span class='ocrx_word' id='word_1_156' title='bbox 1034 2243 1217 2324; x_wconf 90' lang='lat' dir='ltr'>equis</span> <span class='ocrx_word' id='word_1_157' title='bbox 1282 2243 1590 2305; x_wconf 91' lang='lat' dir='ltr'>nuntium</span> <span class='ocrx_word' id='word_1_158' title='bbox 1658 2242 1739 2306; x_wconf 92' lang='lat' dir='ltr'>ad</span> <span class='ocrx_word' id='word_1_159' title='bbox 1807 2249 2062 2323; x_wconf 91' lang='lat' dir='ltr'>patrem</span> <span class='ocrx_word' id='word_1_160' title='bbox 2128 2242 2483 2324; x_wconf 88' lang='lat' dir='ltr'>perferunt.</span> 
     </span>
    </p>

    <p class='ocr_par' dir='ltr' id='par_1_7' title="bbox 326 2342 2488 2723">
     <span class='ocr_line' id='line_1_21' title="bbox 326 2342 2488 2423; baseline 0.001 -20"><span class='ocrx_word' id='word_1_161' title='bbox 326 2361 355 2403; x_wconf 87' lang='lat'>7</span> <span class='ocrx_word' id='word_1_162' title='bbox 390 2343 555 2405; x_wconf 88' lang='lat' dir='ltr'>Cum</span> <span class='ocrx_word' id='word_1_163' title='bbox 604 2342 878 2406; x_wconf 89' lang='lat' dir='ltr'>instaret</span> <span class='ocrx_word' id='word_1_164' title='bbox 930 2342 1222 2406; x_wconf 90' lang='lat' dir='ltr'>adsertor</span> <span class='ocrx_word' id='word_1_165' title='bbox 1263 2342 1534 2423; x_wconf 85' lang='lat' dir='ltr'>puellae,</span> <span class='ocrx_word' id='word_1_166' title='bbox 1586 2349 1663 2406; x_wconf 93' lang='lat' dir='ltr'>ut</span> <span class='ocrx_word' id='word_1_167' title='bbox 1714 2343 2074 2405; x_wconf 90' lang='lat' dir='ltr'>vindicaret</span> <span class='ocrx_word' id='word_1_168' title='bbox 2115 2362 2488 2423; x_wconf 90' lang='lat' dir='ltr'>sponsores-</span> 
     </span>
     <span class='ocr_line' id='line_1_22' title="bbox 391 2441 2484 2523; baseline 0 -18"><span class='ocrx_word' id='word_1_169' title='bbox 391 2462 518 2523; x_wconf 91' lang='lat' dir='ltr'>que</span> <span class='ocrx_word' id='word_1_170' title='bbox 574 2442 781 2518; x_wconf 86' lang='lat' dir='ltr'>daret‚</span> <span class='ocrx_word' id='word_1_171' title='bbox 843 2449 1043 2522; x_wconf 89' lang='lat' dir='ltr'>atque</span> <span class='ocrx_word' id='word_1_172' title='bbox 1099 2442 1165 2504; x_wconf 91' lang='lat' dir='ltr'>id</span> <span class='ocrx_word' id='word_1_173' title='bbox 1223 2443 1437 2523; x_wconf 90' lang='lat' dir='ltr'>ipsum</span> <span class='ocrx_word' id='word_1_174' title='bbox 1512 2443 1614 2523; x_wconf 84' lang='lat' dir='ltr'>agi</span> <span class='ocrx_word' id='word_1_175' title='bbox 1670 2442 1912 2505; x_wconf 89' lang='lat' dir='ltr'>diceret</span> <span class='ocrx_word' id='word_1_176' title='bbox 1972 2441 2189 2506; x_wconf 91' lang='lat' dir='ltr'>Icilius</span> <span class='ocrx_word' id='word_1_177' title='bbox 2259 2442 2484 2506; x_wconf 89' lang='lat' dir='ltr'>sedulo</span> 
     </span>
     <span class='ocr_line' id='line_1_23' title="bbox 389 2540 2486 2624; baseline -0 -18"><span class='ocrx_word' id='word_1_178' title='bbox 389 2549 652 2623; x_wconf 88' lang='lat' dir='ltr'>tempus</span> <span class='ocrx_word' id='word_1_179' title='bbox 711 2549 944 2619; x_wconf 66' lang='lat' dir='ltr'>terem,</span> <span class='ocrx_word' id='word_1_180' title='bbox 1006 2543 1166 2606; x_wconf 89' lang='lat' dir='ltr'>dum</span> <span class='ocrx_word' id='word_1_181' title='bbox 1211 2540 1670 2624; x_wconf 75' lang='lat' dir='ltr'>&#39;praeciperent</span> <span class='ocrx_word' id='word_1_182' title='bbox 1729 2542 1853 2605; x_wconf 89' lang='lat' dir='ltr'>iter</span> <span class='ocrx_word' id='word_1_183' title='bbox 1910 2541 2124 2606; x_wconf 91' lang='lat' dir='ltr'>nuntii</span> <span class='ocrx_word' id='word_1_184' title='bbox 2183 2542 2361 2606; x_wconf 90' lang='lat' dir='ltr'>missi</span> <span class='ocrx_word' id='word_1_185' title='bbox 2417 2543 2486 2605; x_wconf 92' lang='lat' dir='ltr'>in</span> 
     </span>
     <span class='ocr_line' id='line_1_24' title="bbox 390 2641 2484 2723; baseline -0 -17"><span class='ocrx_word' id='word_1_186' title='bbox 390 2649 624 2720; x_wconf 84' lang='lat' dir='ltr'>castra,</span> <span class='ocrx_word' id='word_1_187' title='bbox 677 2663 910 2706; x_wconf 90' lang='lat' dir='ltr'>manus</span> <span class='ocrx_word' id='word_1_188' title='bbox 959 2641 1183 2706; x_wconf 91' lang='lat' dir='ltr'>tollere</span> <span class='ocrx_word' id='word_1_189' title='bbox 1233 2643 1522 2723; x_wconf 89' lang='lat' dir='ltr'>undique</span> <span class='ocrx_word' id='word_1_190' title='bbox 1572 2641 1927 2706; x_wconf 90' lang='lat' dir='ltr'>multitudo</span> <span class='ocrx_word' id='word_1_191' title='bbox 1976 2648 2044 2705; x_wconf 91' lang='lat' dir='ltr'>et</span> <span class='ocrx_word' id='word_1_192' title='bbox 2092 2662 2161 2706; x_wconf 92' lang='lat' dir='ltr'>se</span> <span class='ocrx_word' id='word_1_193' title='bbox 2211 2643 2484 2723; x_wconf 88' lang='lat' dir='ltr'>quisque</span> 
     </span>
    </p>

    <p class='ocr_par' dir='ltr' id='par_1_8' title="bbox 321 2741 2484 3125">
     <span class='ocr_line' id='line_1_25' title="bbox 321 2741 2484 2823; baseline 0 -18"><span class='ocrx_word' id='word_1_194' title='bbox 321 2763 354 2805; x_wconf 90' lang='lat'>8</span> <span class='ocrx_word' id='word_1_195' title='bbox 388 2750 694 2823; x_wconf 90' lang='lat' dir='ltr'>paratum</span> <span class='ocrx_word' id='word_1_196' title='bbox 757 2742 840 2805; x_wconf 92' lang='lat' dir='ltr'>ad</span> <span class='ocrx_word' id='word_1_197' title='bbox 900 2742 1355 2822; x_wconf 92' lang='lat' dir='ltr'>spondendum</span> <span class='ocrx_word' id='word_1_198' title='bbox 1417 2742 1597 2805; x_wconf 91' lang='lat' dir='ltr'>Icilio</span> <span class='ocrx_word' id='word_1_199' title='bbox 1657 2743 2015 2806; x_wconf 86' lang='lat' dir='ltr'>ostendere.</span> <span class='ocrx_word' id='word_1_200' title='bbox 2121 2743 2340 2823; x_wconf 91' lang='lat' dir='ltr'>Atque</span> <span class='ocrx_word' id='word_1_201' title='bbox 2380 2741 2484 2805; x_wconf 91' lang='lat' dir='ltr'>ille</span> 
     </span>
     <span class='ocr_line' id='line_1_26' title="bbox 388 2842 2484 2923; baseline -0 -19"><span class='ocrx_word' id='word_1_202' title='bbox 388 2842 918 2906; x_wconf 91' lang='lat' dir='ltr'>lacrimabundus</span> <span class='ocrx_word' id='word_1_203' title='bbox 964 2845 1254 2923; x_wconf 87' lang='lat' dir='ltr'>‘gratum</span> <span class='ocrx_word' id='word_1_204' title='bbox 1296 2842 1427 2905; x_wconf 88' lang='lat' dir='ltr'>est&#39;</span> <span class='ocrx_word' id='word_1_205' title='bbox 1472 2842 1688 2922; x_wconf 91' lang='lat' dir='ltr'>inquit</span> <span class='ocrx_word' id='word_1_206' title='bbox 1699 2863 1715 2919; x_wconf 71' lang='grc' dir='ltr'><strong><em>ς</em></strong></span> <span class='ocrx_word' id='word_1_207' title='bbox 1762 2843 2077 2906; x_wconf 84' lang='lat' dir='ltr'>‘crastina</span> <span class='ocrx_word' id='word_1_208' title='bbox 2117 2842 2221 2905; x_wconf 92' lang='lat' dir='ltr'>die</span> <span class='ocrx_word' id='word_1_209' title='bbox 2267 2850 2484 2905; x_wconf 89' lang='lat' dir='ltr'>vestra</span> 
     </span>
     <span class='ocr_line' id='line_1_27' title="bbox 384 2942 2484 3023; baseline -0.002 -16"><span class='ocrx_word' id='word_1_210' title='bbox 384 2963 585 3023; x_wconf 89' lang='lat' dir='ltr'>opera</span> <span class='ocrx_word' id='word_1_211' title='bbox 634 2949 804 3019; x_wconf 86' lang='lat' dir='ltr'>utar,</span> <span class='ocrx_word' id='word_1_212' title='bbox 857 2963 1243 3023; x_wconf 90' lang='lat' dir='ltr'>sponsorum</span> <span class='ocrx_word' id='word_1_213' title='bbox 1294 2964 1467 3005; x_wconf 91' lang='lat' dir='ltr'>nunc</span> <span class='ocrx_word' id='word_1_214' title='bbox 1518 2943 1679 3005; x_wconf 92' lang='lat' dir='ltr'>satis</span> <span class='ocrx_word' id='word_1_215' title='bbox 1728 2943 1870 3005; x_wconf 71' lang='lat' dir='ltr'>est.²</span> <span class='ocrx_word' id='word_1_216' title='bbox 1968 2943 2076 3004; x_wconf 91' lang='lat' dir='ltr'>Ita</span> <span class='ocrx_word' id='word_1_217' title='bbox 2113 2942 2484 3005; x_wconf 91' lang='lat' dir='ltr'>vindicatur</span> 
     </span>
     <span class='ocr_line' id='line_1_28' title="bbox 383 3042 1645 3125; baseline -0.003 -18"><span class='ocrx_word' id='word_1_218' title='bbox 383 3042 690 3125; x_wconf 88' lang='lat' dir='ltr'>Verginia</span> <span class='ocrx_word' id='word_1_219' title='bbox 729 3043 1205 3123; x_wconf 89' lang='lat' dir='ltr'>spondentibus</span> <span class='ocrx_word' id='word_1_220' title='bbox 1245 3042 1645 3124; x_wconf 89' lang='lat' dir='ltr'>propinquis.</span> 
     </span>
    </p>

    <p class='ocr_par' dir='ltr' id='par_1_9' title="bbox 316 3142 2481 3224">
     <span class='ocr_line' id='line_1_29' title="bbox 316 3142 2481 3224; baseline -0.002 -16"><span class='ocrx_word' id='word_1_221' title='bbox 316 3163 351 3208; x_wconf 80' lang='grc'>9</span> <span class='ocrx_word' id='word_1_222' title='bbox 511 3144 762 3224; x_wconf 92' lang='lat' dir='ltr'>Appius</span> <span class='ocrx_word' id='word_1_223' title='bbox 810 3142 1138 3223; x_wconf 90' lang='lat' dir='ltr'>paulisper</span> <span class='ocrx_word' id='word_1_224' title='bbox 1185 3149 1498 3218; x_wconf 81' lang='lat' dir='ltr'>moratuS‚</span> <span class='ocrx_word' id='word_1_225' title='bbox 1549 3162 1630 3205; x_wconf 93' lang='lat' dir='ltr'>ne</span> <span class='ocrx_word' id='word_1_226' title='bbox 1678 3143 1814 3204; x_wconf 89' lang='lat' dir='ltr'>eius</span> <span class='ocrx_word' id='word_1_227' title='bbox 1863 3142 1953 3204; x_wconf 90' lang='lat' dir='ltr'>rei</span> <span class='ocrx_word' id='word_1_228' title='bbox 2002 3163 2198 3204; x_wconf 91' lang='lat' dir='ltr'>causa</span> <span class='ocrx_word' id='word_1_229' title='bbox 2243 3143 2481 3205; x_wconf 89' lang='lat' dir='ltr'>sedisse</span> 
     </span>
    </p>
   </div>
   <div class='ocr_carea' id='block_1_3' title="bbox 380 3327 2481 3917">
    <p class='ocr_par' dir='ltr' id='par_1_10' title="bbox 380 3327 2481 3780">
     <span class='ocr_line' id='line_1_30' title="bbox 444 3327 1996 3374; baseline -0.001 0"><span class='ocrx_word' id='word_1_230' title='bbox 444 3331 494 3374; x_wconf 76' lang='lat'>8.</span> <span class='ocrx_word' id='word_1_231' title='bbox 528 3329 586 3373; x_wconf 77' lang='lat' dir='ltr'>m</span> <span class='ocrx_word' id='word_1_232' title='bbox 620 3360 634 3374; x_wconf 91' lang='lat'><strong>.</strong></span> <span class='ocrx_word' id='word_1_233' title='bbox 673 3358 689 3374; x_wconf 86' lang='lat'><strong>.</strong></span> <span class='ocrx_word' id='word_1_234' title='bbox 728 3360 742 3374; x_wconf 90' lang='lat'><strong>.</strong></span> <span class='ocrx_word' id='word_1_235' title='bbox 775 3328 997 3373; x_wconf 70' lang='lat' dir='ltr'>datum:</span> <span class='ocrx_word' id='word_1_236' title='bbox 1035 3329 1167 3371; x_wconf 82' lang='lat' dir='ltr'>“this</span> <span class='ocrx_word' id='word_1_237' title='bbox 1189 3337 1386 3372; x_wconf 89' lang='lat' dir='ltr'>conces-</span> <span class='ocrx_word' id='word_1_238' title='bbox 1482 3327 1530 3371; x_wconf 88' lang='lat' dir='ltr'>S.</span> <span class='ocrx_word' id='word_1_239' title='bbox 1593 3328 1651 3372; x_wconf 90' lang='lat' dir='ltr'>E.</span> <span class='ocrx_word' id='word_1_240' title='bbox 1713 3329 1765 3370; x_wconf 86' lang='lat' dir='ltr'>of</span> <span class='ocrx_word' id='word_1_241' title='bbox 1824 3328 1996 3372; x_wconf 89' lang='lat' dir='ltr'>Rome.</span> 
     </span>
     <span class='ocr_line' id='line_1_31' title="bbox 382 3395 2481 3447; baseline 0 -9"><span class='ocrx_word' id='word_1_242' title='bbox 382 3396 489 3439; x_wconf 84' lang='lat' dir='ltr'>sion</span> <span class='ocrx_word' id='word_1_243' title='bbox 532 3406 633 3438; x_wconf 83' lang='lat' dir='ltr'>was</span> <span class='ocrx_word' id='word_1_244' title='bbox 675 3395 871 3438; x_wconf 87' lang='lat' dir='ltr'>made.”</span> <span class='ocrx_word' id='word_1_245' title='bbox 946 3395 1036 3439; x_wconf 69' lang='lat' dir='ltr'>ius</span> <span class='ocrx_word' id='word_1_246' title='bbox 1085 3424 1098 3438; x_wconf 89' lang='lat'><strong>.</strong></span> <span class='ocrx_word' id='word_1_247' title='bbox 1148 3424 1161 3438; x_wconf 89' lang='lat'><strong>.</strong></span> <span class='ocrx_word' id='word_1_248' title='bbox 1212 3424 1226 3438; x_wconf 91' lang='lat'><strong>.</strong></span> <span class='ocrx_word' id='word_1_249' title='bbox 1270 3395 1381 3438; x_wconf 73' lang='lat' dir='ltr'>dic·</span> <span class='ocrx_word' id='word_1_250' title='bbox 1543 3399 1591 3441; x_wconf 82' lang='grc'>7.</span> <span class='ocrx_word' id='word_1_251' title='bbox 1626 3396 1890 3439; x_wconf 67' lang='lat' dir='ltr'>instaret:</span> <span class='ocrx_word' id='word_1_252' title='bbox 1923 3406 1989 3439; x_wconf 80' lang='lat' dir='ltr'>sc.</span> <span class='ocrx_word' id='word_1_253' title='bbox 2026 3395 2177 3439; x_wconf 77' lang='lat' dir='ltr'>Icilio,</span> <span class='ocrx_word' id='word_1_254' title='bbox 2257 3402 2481 3447; x_wconf 67' lang='lat' dir='ltr'>sponso-</span> 
     </span>
     <span class='ocr_line' id='line_1_32' title="bbox 382 3461 2481 3514; baseline -0.001 -7"><span class='ocrx_word' id='word_1_255' title='bbox 382 3463 605 3507; x_wconf 77' lang='lat' dir='ltr'>tutum:</span> <span class='ocrx_word' id='word_1_256' title='bbox 640 3473 775 3505; x_wconf 89' lang='lat' dir='ltr'>more</span> <span class='ocrx_word' id='word_1_257' title='bbox 809 3462 1052 3514; x_wconf 79' lang='lat' dir='ltr'>narrowly</span> <span class='ocrx_word' id='word_1_258' title='bbox 1086 3461 1279 3505; x_wconf 87' lang='lat' dir='ltr'>defined</span> <span class='ocrx_word' id='word_1_259' title='bbox 1315 3462 1383 3514; x_wconf 81' lang='lat' dir='ltr'>by</span> <span class='ocrx_word' id='word_1_260' title='bbox 1480 3470 1678 3513; x_wconf 75' lang='lat' dir='ltr'>resque</span> <span class='ocrx_word' id='word_1_261' title='bbox 1700 3462 1882 3506; x_wconf 74' lang='lat' dir='ltr'>duct:</span> <span class='ocrx_word' id='word_1_262' title='bbox 1910 3463 2061 3512; x_wconf 83' lang='lat' dir='ltr'>“give</span> <span class='ocrx_word' id='word_1_263' title='bbox 2082 3461 2481 3505; x_wconf 78' lang='lat' dir='ltr'>bondsmen”for</span> 
     </span>
     <span class='ocr_line' id='line_1_33' title="bbox 380 3529 2478 3581; baseline -0 -9"><span class='ocrx_word' id='word_1_264' title='bbox 380 3530 610 3573; x_wconf 79' lang='lat' dir='ltr'>decretum</span> <span class='ocrx_word' id='word_1_265' title='bbox 651 3529 1055 3580; x_wconf 68' lang='lat' dir='ltr'>interm-siturum,</span> <span class='ocrx_word' id='word_1_266' title='bbox 1105 3529 1274 3572; x_wconf 86' lang='lat' dir='ltr'>“issue</span> <span class='ocrx_word' id='word_1_267' title='bbox 1317 3540 1382 3571; x_wconf 88' lang='lat' dir='ltr'>an</span> <span class='ocrx_word' id='word_1_268' title='bbox 1480 3529 1567 3572; x_wconf 88' lang='lat' dir='ltr'>her</span> <span class='ocrx_word' id='word_1_269' title='bbox 1589 3540 1962 3581; x_wconf 84' lang='lat' dir='ltr'>reappearance.</span> <span class='ocrx_word' id='word_1_270' title='bbox 2017 3530 2245 3580; x_wconf 71' lang='lat' dir='ltr'>tempus</span> <span class='ocrx_word' id='word_1_271' title='bbox 2268 3529 2478 3572; x_wconf 71' lang='lat' dir='ltr'>terens:</span> 
     </span>
     <span class='ocr_line' id='line_1_34' title="bbox 380 3595 2476 3648; baseline -0 -9"><span class='ocrx_word' id='word_1_272' title='bbox 380 3597 577 3639; x_wconf 81' lang='lat' dir='ltr'>interim</span> <span class='ocrx_word' id='word_1_273' title='bbox 636 3596 856 3639; x_wconf 86' lang='lat' dir='ltr'>decree.&#39;&#39;</span> <span class='ocrx_word' id='word_1_274' title='bbox 947 3596 1050 3638; x_wconf 87' lang='lat' dir='ltr'>The</span> <span class='ocrx_word' id='word_1_275' title='bbox 1107 3596 1273 3638; x_wconf 80' lang='lat' dir='ltr'>action</span> <span class='ocrx_word' id='word_1_276' title='bbox 1332 3598 1383 3639; x_wconf 85' lang='lat' dir='ltr'>of</span> <span class='ocrx_word' id='word_1_277' title='bbox 1482 3596 1753 3648; x_wconf 82' lang='lat' dir='ltr'>“spinnlng</span> <span class='ocrx_word' id='word_1_278' title='bbox 1781 3599 1868 3638; x_wconf 88' lang='lat' dir='ltr'>out</span> <span class='ocrx_word' id='word_1_279' title='bbox 1913 3596 1999 3639; x_wconf 88' lang='lat' dir='ltr'>the</span> <span class='ocrx_word' id='word_1_280' title='bbox 2043 3596 2214 3645; x_wconf 85' lang='lat' dir='ltr'>time.’&#39;</span> <span class='ocrx_word' id='word_1_281' title='bbox 2254 3595 2476 3645; x_wconf 83' lang='lat' dir='ltr'>because,</span> 
     </span>
     <span class='ocr_line' id='line_1_35' title="bbox 380 3661 2480 3715; baseline -0.001 -8"><span class='ocrx_word' id='word_1_282' title='bbox 380 3664 457 3707; x_wconf 78' lang='lat'>45.</span> <span class='ocrx_word' id='word_1_283' title='bbox 485 3665 514 3706; x_wconf 85' lang='lat'><strong>3</strong></span> <span class='ocrx_word' id='word_1_284' title='bbox 540 3663 596 3715; x_wconf 78' lang='lat' dir='ltr'>is,</span> <span class='ocrx_word' id='word_1_285' title='bbox 613 3664 867 3713; x_wconf 79' lang='lat' dir='ltr'>therefore,</span> <span class='ocrx_word' id='word_1_286' title='bbox 895 3663 1202 3707; x_wconf 84' lang='lat' dir='ltr'>withdrawn.</span> <span class='ocrx_word' id='word_1_287' title='bbox 1261 3664 1383 3706; x_wconf 76' lang='lat' dir='ltr'>vin·</span> <span class='ocrx_word' id='word_1_288' title='bbox 1480 3674 1535 3705; x_wconf 89' lang='lat' dir='ltr'>as</span> <span class='ocrx_word' id='word_1_289' title='bbox 1577 3663 1894 3713; x_wconf 78' lang='lat' dir='ltr'>praeciperent</span> <span class='ocrx_word' id='word_1_290' title='bbox 1935 3665 2020 3705; x_wconf 89' lang='lat' dir='ltr'>too</span> <span class='ocrx_word' id='word_1_291' title='bbox 2052 3661 2257 3713; x_wconf 85' lang='lat' dir='ltr'>implies,</span> <span class='ocrx_word' id='word_1_292' title='bbox 2292 3663 2480 3713; x_wconf 84' lang='lat' dir='ltr'>Appius</span> 
     </span>
     <span class='ocr_line' id='line_1_36' title="bbox 380 3729 2479 3780; baseline -0.002 -6"><span class='ocrx_word' id='word_1_293' title='bbox 380 3731 576 3774; x_wconf 69' lang='lat' dir='ltr'>dicari:</span> <span class='ocrx_word' id='word_1_294' title='bbox 602 3740 667 3772; x_wconf 88' lang='lat' dir='ltr'>sc.</span> <span class='ocrx_word' id='word_1_295' title='bbox 692 3730 749 3772; x_wconf 81' lang='lat' dir='ltr'>in</span> <span class='ocrx_word' id='word_1_296' title='bbox 773 3731 1041 3773; x_wconf 79' lang='lat' dir='ltr'>libertatem.</span> <span class='ocrx_word' id='word_1_297' title='bbox 1480 3729 1577 3772; x_wconf 90' lang='lat' dir='ltr'>will</span> <span class='ocrx_word' id='word_1_298' title='bbox 1599 3729 1718 3772; x_wconf 90' lang='lat' dir='ltr'>send</span> <span class='ocrx_word' id='word_1_299' title='bbox 1741 3739 2040 3779; x_wconf 87' lang='lat' dir='ltr'>messengers</span> <span class='ocrx_word' id='word_1_300' title='bbox 2062 3732 2116 3771; x_wconf 86' lang='lat' dir='ltr'>to</span> <span class='ocrx_word' id='word_1_301' title='bbox 2144 3729 2230 3772; x_wconf 86' lang='lat' dir='ltr'>the</span> <span class='ocrx_word' id='word_1_302' title='bbox 2257 3739 2402 3780; x_wconf 87' lang='lat' dir='ltr'>camp</span> <span class='ocrx_word' id='word_1_303' title='bbox 2425 3740 2479 3771; x_wconf 87' lang='lat' dir='ltr'>as</span> 
     </span>
    </p>

    <p class='ocr_par' dir='ltr' id='par_1_11' title="bbox 381 3795 2476 3917">
     <span class='ocr_line' id='line_1_37' title="bbox 442 3795 2476 3846; baseline -0.001 -5"><span class='ocrx_word' id='word_1_304' title='bbox 442 3799 491 3841; x_wconf 73' lang='grc' dir='ltr'>δ.</span> <span class='ocrx_word' id='word_1_305' title='bbox 524 3797 700 3840; x_wconf 71' lang='lat' dir='ltr'>recta:</span> <span class='ocrx_word' id='word_1_306' title='bbox 735 3807 800 3838; x_wconf 89' lang='lat' dir='ltr'>sc.</span> <span class='ocrx_word' id='word_1_307' title='bbox 835 3797 928 3839; x_wconf 80' lang='lat' dir='ltr'>via.</span> <span class='ocrx_word' id='word_1_308' title='bbox 997 3805 1026 3839; x_wconf 79' lang='grc' dir='ltr'><strong>ο</strong></span> <span class='ocrx_word' id='word_1_309' title='bbox 1060 3796 1281 3840; x_wconf 71' lang='lat' dir='ltr'>castris:</span> <span class='ocrx_word' id='word_1_310' title='bbox 1315 3807 1380 3839; x_wconf 91' lang='lat' dir='ltr'>on</span> <span class='ocrx_word' id='word_1_311' title='bbox 1479 3807 1599 3839; x_wconf 92' lang='lat' dir='ltr'>soon</span> <span class='ocrx_word' id='word_1_312' title='bbox 1622 3807 1676 3839; x_wconf 85' lang='lat' dir='ltr'>as</span> <span class='ocrx_word' id='word_1_313' title='bbox 1698 3795 1760 3839; x_wconf 85' lang='lat' dir='ltr'>he</span> <span class='ocrx_word' id='word_1_314' title='bbox 1781 3806 1875 3838; x_wconf 85' lang='lat' dir='ltr'>can</span> <span class='ocrx_word' id='word_1_315' title='bbox 1897 3797 2004 3846; x_wconf 80' lang='lat' dir='ltr'>quit</span> <span class='ocrx_word' id='word_1_316' title='bbox 2029 3795 2114 3839; x_wconf 89' lang='lat' dir='ltr'>the</span> <span class='ocrx_word' id='word_1_317' title='bbox 2136 3799 2293 3839; x_wconf 85' lang='lat' dir='ltr'>court.</span> <span class='ocrx_word' id='word_1_318' title='bbox 2342 3796 2414 3839; x_wconf 87' lang='lat' dir='ltr'>Cf.</span> <span class='ocrx_word' id='word_1_319' title='bbox 2431 3797 2476 3839; x_wconf 85' lang='lat'>9.</span> 
     </span>
     <span class='ocr_line' id='line_1_38' title="bbox 381 3862 2320 3917; baseline 0 -10"><span class='ocrx_word' id='word_1_320' title='bbox 381 3863 583 3916; x_wconf 80' lang='lat' dir='ltr'>Algidus</span> <span class='ocrx_word' id='word_1_321' title='bbox 625 3864 719 3912; x_wconf 87' lang='lat'>(44.</span> <span class='ocrx_word' id='word_1_322' title='bbox 760 3863 825 3912; x_wconf 88' lang='grc'>2),</span> <span class='ocrx_word' id='word_1_323' title='bbox 866 3874 999 3906; x_wconf 86' lang='lat' dir='ltr'>some</span> <span class='ocrx_word' id='word_1_324' title='bbox 1034 3864 1203 3906; x_wconf 85' lang='lat' dir='ltr'>fifteen</span> <span class='ocrx_word' id='word_1_325' title='bbox 1239 3863 1380 3906; x_wconf 84' lang='lat' dir='ltr'>miles</span> <span class='ocrx_word' id='word_1_326' title='bbox 1439 3910 1446 3917; x_wconf 39' lang='lat'><strong><em>¹</em></strong></span> <span class='ocrx_word' id='word_1_327' title='bbox 1539 3864 1592 3907; x_wconf 68' lang='grc' dir='ltr'>θ.</span> <span class='ocrx_word' id='word_1_328' title='bbox 1625 3863 1852 3907; x_wconf 70' lang='lat' dir='ltr'>sedisse:</span> <span class='ocrx_word' id='word_1_329' title='bbox 1886 3873 1952 3907; x_wconf 88' lang='lat' dir='ltr'>sc.</span> <span class='ocrx_word' id='word_1_330' title='bbox 1986 3862 2042 3906; x_wconf 81' lang='lat' dir='ltr'>in</span> <span class='ocrx_word' id='word_1_331' title='bbox 2074 3863 2320 3907; x_wconf 80' lang='lat' dir='ltr'>tribunali.</span> 
     </span>
    </p>
   </div>
  </div>
 </body>
</html>
