2975 4367
495 332 566 385 40
1403 324 1473 383 Τ.
1508 323 1672 384 LIVI

2394 325 2514 398 [xii.
2550 326 2587 384 3

428 528 461 572 4
494 533 631 578 rem
664 519 925 594 portam
969 511 1226 578 Palatii.
1315 511 1638 578 Romulus
1672 519 1742 577 et
1788 511 1926 593 ipse
1962 510 2160 576 turba
2191 511 2581 593 fugientium

495 621 701 691 actuS,
759 634 942 677 arma
994 612 1077 677 ad
1133 614 1384 677 caelum
1437 612 1690 690 tollenS,
1749 608 2095 693 ‘Iuppiter,
2151 611 2311 676 tuis'
2366 612 2583 694 inquit

497 715 737 776 ‘iussus
769 713 1003 792 avibus
1034 714 1138 776 hic
1169 713 1237 776 in
1270 713 1526 777 Palatio
1558 714 1768 793 prima
1798 713 1946 775 urbi
1978 712 2411 776 fundamenta
2439 711 2578 776 ieci.

495 816 727 877 Arcem
790 814 922 877 iam
985 814 1217 876 scelere
1280 820 1574 893 emptam
1625 813 1846 876 Sabini
1909 813 2155 876 habent
2164 832 2181 889 ;
2243 811 2393 875 inde
2455 812 2582 875 huc

427 929 459 973 5
496 915 733 978 armati
769 920 1078 993 superata
1115 913 1329 976 media
1367 912 1535 975 valle
1573 912 1854 977 tendunt
1865 934 1881 990 ς
1921 919 1991 975 at
2027 919 2123 988 tu,
2161 918 2351 994 pater
2385 912 2582 975 deum

496 1014 983 1095 hominumque,
1042 1013 1190 1076 hinc
1246 1012 1479 1076 saltem
1537 1032 1680 1075 arce
1736 1014 1973 1090 hosteS‚
2030 1012 2219 1076 deme
2273 1018 2581 1076 terrorem
2639 1009 2658 1017 ”

428 1129 461 1173 o
497 1114 810 1176 Romanis
839 1114 1193 1194 fugamque
1220 1112 1480 1175 foedam
1519 1113 1692 1176 siste.
1783 1113 1908 1174 Hic
1946 1133 2063 1192 ego
2103 1112 2225 1176 tibi
2263 1111 2581 1193 templum

497 1214 741 1277 Statori
792 1203 954 1290 lovi,
1006 1212 1182 1295 quod
1232 1220 1733 1276 monumentum
1781 1214 1866 1275 sit
1914 1213 2190 1293 posteris
2223 1211 2354 1276 'tua
2401 1232 2584 1293 prae-

402 1329 461 1375 ,7
495 1314 664 1377 senti
705 1333 829 1393 ope
871 1320 1202 1376 servatam
1244 1312 1474 1375 urbem
1501 1332 1657 1390 esse,
1690 1313 1941 1376 voveo.'
2032 1313 2212 1375 Haec
2255 1301 2577 1392 pr'ecatus,

497 1413 677 1476 velut
714 1414 768 1474 si
804 1414 1107 1476 sensisset
1145 1412 1405 1476 auditas
1439 1432 1681 1492 preceS,
1723 1412 1932 1475 ‘hinc’
1971 1412 2206 1493 inquit,
2246 1412 2580 1488 ‘Romani‚

496 1513 794 1595 Iuppiter
840 1513 1131 1593 optimus
1180 1512 1506 1574 maximus
1555 1512 1847 1576 resistere
1897 1520 2096 1594 atque
2144 1512 2377 1576 iterare
2423 1531 2585 1593 pug-

496 1634 649 1677 nam
687 1613 910 1676 iubet.’

623 1713 946 1776 Restitere
993 1712 1275 1776 Romani
1322 1719 1667 1794 tamquam
1715 1712 1974 1777 caelesti
2021 1733 2178 1777 voce
2222 1712 2377 1775 iussi
2387 1734 2403 1791 ;
2447 1712 2585 1794 ipse

430 1830 464 1875 8
497 1813 580 1878 ad
649 1812 964 1894 primores
1034 1813 1353 1877 Romulus
1422 1813 1743 1893 provolat.
1835 1813 2103 1876 Mettius
2171 1813 2432 1878 Curtius
2501 1813 2586 1876 ab
2638 1860 2642 1865 .

496 1913 752 1978 Sabinis
838 1914 1138 1995 princeps
1225 1912 1309 1976 ab
1399 1934 1544 1976 arce
1631 1913 2104 1990 decucurrerat,
2194 1921 2262 1978 et
2347 1914 2587 1976 effusos

493 2021 714 2094 egerat
763 2015 1116 2091 RomanOS,
1168 2020 1313 2078 toto
1362 2020 1690 2094 quantum
1739 2013 1879 2076 foro
1918 2014 2207 2094 spatium
2242 2020 2360 2076 est.
2451 2012 2585 2075 Nec

496 2114 720 2194 procul
757 2114 889 2176 iam
929 2134 968 2177 a
1004 2121 1198 2195 porta
1237 2113 1472 2177 Palatii
1511 2120 1651 2176 erat
1692 2113 2061 2176 clamitans:
2103 2113 2408 2175 ‘vicimus
2442 2132 2588 2194 per-

498 2214 662 2276 fidos
714 2213 1021 2294 hospiteS,
1076 2213 1366 2276 imbelles
1418 2214 1638 2276 hostes
1648 2234 1664 2290 ;
1717 2214 1850 2276 iam
1903 2214 2118 2276 sciunt
2171 2212 2357 2292 longe
2379 2274 2384 2280 ,
2409 2211 2585 2276 aliud

431 2331 462 2375 9
496 2333 632 2376 esse
679 2315 956 2393 virgines
999 2333 1243 2394 rapere,
1291 2313 1466 2376 aliud
1511 2332 1800 2393 pugnare
1846 2333 1993 2375 cum
2040 2313 2235 2375 viris!
2324 2313 2403 2375 In
2435 2331 2586 2374 eum

498 2414 655 2476 haec
728 2414 1110 2493 gloriantem
1183 2433 1331 2475 cum
1405 2413 1594 2493 globo
1666 2396 2206 2475 ferocissimorum
2275 2412 2586 2502 iuvenum

499 2514 818 2577 Romulus
874 2514 1196 2594 impetum
1255 2514 1432 2577 facit.
1524 2515 1627 2576 Ex
1683 2532 1851 2593 equo
1910 2519 2056 2577 tum
2109 2513 2276 2575 forte
2320 2512 2589 2576 Mettius

402 2693 410 2700 η
498 2613 863 2694 pugnabat3
905 2634 981 2677 eo
1025 2614 1175 2694 pelli
1218 2614 1469 2677 facilius
1512 2613 1658 2677 fuit.
1748 2613 2019 2675 Pulsum
2064 2612 2347 2675 Romani
2377 2631 2589 2693 perse-

499 2721 816 2793 quuntur;
873 2721 942 2777 et
999 2714 1125 2777 alia
1183 2715 1484 2777 Romana
1543 2714 1712 2776 acies
1769 2713 2043 2777 audacia
2099 2712 2264 2791 regis
2321 2730 2591 2775 accensa

497 2814 714 2876 fundit
742 2814 1034 2877 Sabinos
1127 2814 1396 2876 Mettius
1420 2813 1489 2876 in
1516 2813 1824 2893 paludem
1853 2832 1988 2874 sese
2016 2812 2292 2893 strepitu
2320 2831 2592 2893 sequen-

498 2913 664 2976 tium
702 2913 1071 2993 trepidante
1105 2933 1274 2994 equo
1311 2913 1613 2990 coniecit;
1650 2920 2111 2992 averteratque
2146 2932 2224 2974 ea
2258 2930 2356 2973 res
2388 2911 2590 2975 etiam

499 3013 773 3076 Sabinos
811 3013 984 3077 tanti
1020 3013 1303 3094 periculo
1332 3013 1473 3075 viri.
1566 3015 1654 3076 Et
1692 3012 1795 3100 ille
1834 3012 2119 3105 quidem,
2150 3011 2591 3074 adnuentibus

402 2833 462 2877 10

558 3199 609 3241 4.
642 3199 699 3241 et
727 3198 870 3250 ipse:
901 3197 1079 3248 “too,''
1108 3208 1163 3241 as
1190 3197 1298 3242 well
1327 3207 1382 3241 as
1410 3196 1498 3241 the

498 3275 653 3316 army.
720 3268 807 3311 See
828 3276 893 3307 on
918 3266 1076 3310 Praei.
1101 3269 1146 3309 3.
1210 3266 1499 3316 Superata:

497 3332 575 3376 Le.
594 3332 792 3383 already
810 3332 985 3383 gained
1008 3332 1106 3375 and
1131 3333 1323 3385 passed.

1660 3198 1709 3241 8.
1745 3196 1991 3249 hospites

1598 3266 1714 3317 play
1754 3276 1888 3317 upon
1926 3265 2099 3314 words.
2142 3275 2196 3306 or
2235 3265 2593 3316 paronomasia.

1597 3334 1638 3375 is
1670 3342 1898 3375 common
1930 3332 1981 3374 in
2016 3332 2177 3375 Latin.
2241 3330 2406 3382 longe
2439 3330 2595 3376 allud

2027 3226 2041 3240 .
2076 3226 2090 3240 .
2126 3226 2139 3240 .
2171 3195 2381 3242 hostes:
2412 3195 2534 3239 such
2562 3207 2595 3240 a
2650 3187 2660 3240 j

563 3402 611 3443 6.
644 3408 791 3443 arce:
826 3400 952 3442 from
987 3409 1134 3443 arceo.
1203 3399 1500 3445 Romamn

500 3465 732 3509 so-called
758 3465 862 3509 dat.
889 3466 941 3508 of
966 3467 1262 3518 separation.

564 3534 612 3575 ο.
648 3532 852 3578 Statori
888 3533 1031 3578 Iovi:
1068 3534 1154 3577 the
1186 3534 1327 3577 usual
1359 3534 1503 3577 order

499 3599 725 3643 reversed
765 3604 818 3644 to
857 3600 1135 3652 emphasize
1173 3602 1259 3644 the
1297 3612 1502 3644 connec-

502 3668 607 3710 tion
656 3668 777 3711 with
826 3668 911 3712 the
960 3670 1213 3713 causative
1260 3670 1421 3712 sistere
1449 3687 1493 3703 =

504 3735 689 3778 “make
723 3734 884 3784 stand.
915 3735 1078 3787 stay.”
1145 3738 1248 3781 The
1291 3736 1504 3780 founda-

504 3804 608 3848 tion
631 3805 683 3846 ot
701 3805 801 3847 this
834 3804 1017 3856 temple
1053 3803 1171 3847 thus
1202 3802 1425 3847 ascribed
1449 3809 1503 3848 to

505 3871 746 3915 Romulus
769 3871 858 3914 has
897 3871 1019 3915 been
1064 3871 1338 3915 excavated
1386 3882 1503 3915 near

504 3938 589 3982 the
610 3939 726 3982 arch
748 3940 801 3982 ot
821 3939 979 3983 Titus.

1665 3429 1679 3443 .
1727 3419 1750 3442 .·
1785 3399 1963 3443 aliud:
2007 3399 2219 3451 perhaps
2260 3398 2451 3442 excited
2494 3408 2597 3442 em-

1600 3467 1767 3518 phasis
1812 3468 1887 3509 τοι·
1932 3467 2063 3517 lonae
2107 3465 2244 3510 aliud
2286 3475 2355 3516 ac,
2405 3465 2476 3508 “a
2520 3466 2598 3508 tar

1599 3534 1824 3578 different
1852 3534 1994 3584 thing
2017 3534 2196 3577 from.’'

1662 3603 1712 3644 ο.
1746 3608 1811 3645 eo
1866 3631 1878 3644 .
1933 3631 1946 3644 .
2001 3630 2014 3644 .
2063 3600 2308 3645 facilius:
2357 3599 2463 3643 “all
2511 3599 2600 3644 the

1600 3669 1802 3713 easier.'’
1857 3668 2010 3720 pouit
2053 3679 2119 3712 sc.
2156 3679 2278 3711 eam.
2331 3666 2442 3711 alia
2476 3698 2491 3714 .
2528 3698 2543 3714 .
2581 3698 2597 3713 .

1600 3734 1769 3779 acies:
1813 3734 1939 3778 “the
1965 3737 2063 3778 rest
2092 3734 2145 3776 ot
2171 3733 2257 3777 the
2281 3731 2432 3776 line.’'

1666 3804 1746 3846 1⁰.
1778 3802 2044 3854 strepitu:
2088 3801 2254 3845 causal
2294 3800 2416 3844 with
2457 3800 2601 3851 trepi-

1601 3871 1755 3915 dante.
1849 3870 2103 3922 quidem:
2162 3870 2468 3919 contrasting
2523 3868 2602 3912 his

1603 3948 1776 3990 escape
1839 3937 1960 3981 with
2025 3937 2110 3980 the
2175 3936 2367 3988 general
2430 3935 2601 3981 result.
