2975 4367
355 504 415 546 10

355 1005 409 1045 11

265 1279 273 1311 '⁷
353 1304 424 1344 12⁴

386 1503 409 1546 1

453 304 552 358 112
1372 302 1436 358 Τ.
1472 302 1632 354 LIVI
2258 300 2473 364 [xxxvi.
2510 302 2546 355 9

450 486 722 550 ambitio
767 485 1097 548 obstabat.
1190 485 1426 565 Itaque
1482 504 1564 546 ne
1621 503 1817 563 penes
1874 482 2048 563 ipsos
2106 482 2298 563 culpa
2353 489 2542 558 esset,

448 587 504 650 si
553 587 766 650 clades
816 585 1031 649 forent
1081 584 1327 647 Gallico
1376 583 1546 646 bello
1597 591 1922 663 acceptae,
1976 583 2414 662 cognitionem
2463 583 2546 646 de

449 686 797 766 postulatis
866 685 1200 748 Gallorum
1268 684 1350 747 ad
1419 683 1737 764 populum
1804 683 2106 761 reiciunt3
2174 682 2288 746 ubi
2354 688 2546 746 tanto

448 786 594 866 plus
648 786 860 865 gratia
914 791 1113 864 atque
1166 805 1320 863 opes
1375 784 1656 860 valuere,
1714 790 1809 860 ut,
1868 804 2147 864 quorum
2201 783 2283 846 de
2320 779 2549 863 'poena

450 887 787 965 agebatur,
847 884 1094 947 tribuni
1152 884 1434 946 militum
1494 884 1814 947 consulari
1871 889 2202 963 potestate
2258 883 2326 946 in
2382 883 2548 947 inse-

449 992 760 1066 quentem
835 1004 1081 1048 annum
1136 990 1527 1046 crearentur.
1619 984 1764 1059 Quo
1836 983 2014 1046 facto
2088 982 2266 1046 haud
2337 1004 2542 1060 secus,

450 1106 648 1166 quam
728 1085 998 1164 dignum
1078 1090 1239 1160 erat,
1321 1084 1557 1146 infensi
1636 1083 1804 1147 Galli
1883 1083 2126 1146 bellum
2205 1083 2545 1164 propalam

449 1186 775 1248 minantes
810 1185 892 1247 ad
929 1206 1080 1247 suos
1112 1184 1405 1246 redeunt.
1496 1184 1768 1246 Tribuni
1812 1184 2095 1245 militum
2141 1205 2291 1246 cum
2334 1185 2545 1248 tribus

449 1286 667 1348 Fabiis
727 1285 927 1348 creati
987 1286 1061 1361 Q.
1126 1283 1445 1363 Sulpicius
1507 1284 1786 1362 LonguS,
1850 1284 1924 1360 Q.
1989 1283 2296 1347 Servilius
2354 1304 2548 1364 quar-

449 1392 613 1462 tum,
660 1387 731 1447 P.
777 1385 1107 1449 Cornelius
1151 1384 1628 1464 Maluginensis.

572 1485 931 1547 XXXVII.
980 1486 1142 1547 Cum
1215 1488 1407 1547 tanta
1478 1484 1679 1546 moles
1751 1484 1905 1545 mali
1975 1484 2251 1546 instaret
2277 1519 2359 1527 —
2385 1483 2546 1548 adeo

447 1586 760 1648 obcaecat
828 1585 1077 1648 animos
1144 1582 1429 1660 fortuna,
1501 1584 1614 1646 ubi
1680 1583 1815 1645 vim
1883 1604 2069 1646 suam
2136 1584 2546 1662 ingruentem

447 1674 709 1765 refringi
759 1707 892 1748 non
943 1684 1087 1747 vult
1113 1719 1214 1761 ——,
1269 1684 1522 1760 civitaS,
1577 1704 1745 1763 quae
1799 1683 2108 1745 adversus
2161 1684 2545 1747 Fidenatem

373 1794 376 1795 ’
449 1807 522 1849 ac
576 1786 915 1848 Veientem
969 1786 1223 1847 hostem
1280 1784 1568 1864 aliosque
1621 1784 1933 1846 finitimos
1986 1783 2261 1863 populos
2313 1784 2549 1847 ultima

383 2005 414 2046 2

383 2204 412 2246 3

381 2705 413 2745 4

379 3105 410 3147 5

447 1886 783 1965 experiens
826 1885 1066 1947 auxilia
1104 1884 1496 1947 dictatorem
1539 1883 1763 1946 multis
1804 1884 2310 1963 tempestatibus
2350 1884 2548 1947 dixis-

445 1991 566 2062 set,
611 2006 691 2049 ea
732 1992 910 2060 tunc,
956 1985 1296 2047 invisitato
1341 1991 1542 2064 atque
1584 1983 1882 2045 inaudito
1927 1983 2114 2046 hoste
2158 1984 2241 2046 ab
2286 1984 2546 2047 Oceano

448 2092 897 2164 terrarumque
969 2084 1215 2148 ultimis
1286 2084 1413 2147 oris
1479 2083 1725 2146 'bellum
1799 2084 2030 2159 ciente,
2102 2083 2261 2145 nihil
2330 2091 2548 2147 extra-

447 2185 754 2247 ordinarii
817 2184 1069 2264 imperii
1134 2191 1248 2246 aut
1314 2184 1538 2247 auxilii
1601 2184 1946 2263 quaesivit.
2053 2183 2345 2261 Tribuni,
2387 2205 2547 2265 quo-

447 2305 592 2347 rum
634 2285 1007 2348 temeritate
1048 2284 1289 2346 bellum
1334 2290 1747 2346 contractum
1789 2291 1950 2360 erat,
1994 2304 2290 2347 summae
2330 2305 2545 2348 rerum

447 2372 811 2464 praeerant,
876 2384 1318 2463 dilectumque
1380 2383 1579 2445 nihilo
1644 2384 2131 2460 accuratiorem,
2198 2405 2397 2464 quam
2462 2385 2544 2447 ad

448 2484 664 2547 media
692 2484 862 2546 bella
893 2484 1116 2546 haberi
1145 2482 1375 2546 solitus
1405 2489 1567 2558 erat,
1600 2489 2034 2545 extenuantes
2064 2484 2264 2546 etiam
2298 2485 2546 2548 famam

446 2583 615 2658 belli,
659 2584 1010 2646 habebant.

574 2684 846 2746 Interim
921 2684 1109 2760 Galli,
1185 2690 1539 2763 postquam
1614 2703 1915 2762 accepere
1987 2683 2159 2747 ultro
2233 2685 2545 2748 honorem

446 2782 747 2846 habitum
828 2782 1254 2847 violatoribus
1332 2783 1487 2847 iuris
1568 2783 1839 2845 humani
1918 2783 2296 2864 elusamque
2376 2783 2545 2864 lega-

446 2883 693 2946 tionem
753 2904 940 2946 suam
1002 2903 1159 2959 esse,
1225 2884 1573 2961 flagrantes
1634 2883 1748 2959 ira,
1813 2883 1996 2946 cuius
2057 2883 2382 2963 impotens
2442 2892 2543 2948 est

445 3003 620 3062 genS,
661 2983 1013 3047 confestim,
1039 2983 1237 3063 signis
1275 2982 1602 3045 convulsis
1640 2984 1844 3047 citato
1885 2982 2140 3062 agmine
2176 2983 2301 3045 iter
2335 2984 2544 3063 ingre-

445 3082 733 3146 diuntur.
825 3083 925 3145 Ad
988 3104 1265 3163 quorum
1342 3084 1901 3162 praetereuntium
1979 3083 2223 3162 raptim
2300 3084 2544 3147 tumul-

444 3189 589 3246 tum
627 3204 774 3246 cum
811 3184 1160 3246 exterritae
1195 3183 1387 3245 urbes
1424 3182 1510 3246 ad
1549 3203 1732 3246 arma
1767 3190 2222 3246 concurrerent
2258 3184 2542 3265 fugaque

446 3283 799 3361 agrestium
856 3284 1057 3359 fieret,
1116 3283 1398 3346 Romam
1453 3303 1522 3346 se
1577 3282 1667 3345 ire
1723 3303 1960 3361 magno
2017 3282 2295 3347 clamore
2350 3285 2543 3364 signi-

507 3502 586 3545 1⁰.
621 3509 889 3553 quorum:
918 3520 961 3535 -ι
987 3501 1043 3552 ii,
1075 3512 1288 3553 quorum.
1542 3505 1586 3546 2.
1624 3504 1694 3546 18.
1728 3504 1772 3546 2.
1804 3502 2051 3545 mentions
2082 3503 2231 3547 allieS.

505 3569 776 3613 XXXVII.
812 3570 860 3612 1.
894 3570 1059 3614 tanta
1083 3570 1257 3614 moles
1282 3571 1443 3615 mall:
1602 3571 1653 3613 3.
1689 3570 1896 3614 media:
1923 3571 2245 3622 “ordinary.’'

444 3637 668 3687 “danger
693 3638 744 3679 of
769 3637 888 3679 such
915 3638 1253 3687 magnitude.”
1311 3638 1444 3683 ulti·
1602 3638 1653 3680 4.
1686 3637 1862 3682 ultro:
1893 3649 1972 3681 see
2003 3649 2068 3681 on
2104 3641 2144 3682 1.
2177 3641 2222 3683 5.
2256 3641 2301 3684 3.
2363 3641 2543 3693 impo-

443 3712 538 3748 ma
580 3734 593 3748 .
635 3733 648 3747 .
690 3733 703 3747 .
739 3704 971 3748 auxilia:
1009 3706 1192 3755 “using
1226 3706 1311 3748 the
1344 3706 1441 3749 last
1540 3707 1691 3750 tens:
1720 3706 1969 3761 “without
1998 3706 2238 3749 control.”

442 3775 660 3814 extreme
692 3772 745 3814 of
770 3771 940 3823 helpss’
1605 3776 1653 3817 5.
1686 3773 1758 3817 ad
1802 3802 1815 3816 .
1859 3803 1872 3817 .
1916 3803 1929 3816 .
1969 3774 2319 3819 tumultum:
2357 3777 2539 3820 causal.

505 3839 555 3881 2.
589 3838 750 3889 nihil,
797 3843 912 3882 etc:
958 3840 1084 3891 Livy
1127 3846 1443 3891 exaggerates
1542 3842 1646 3885 The
1658 3844 1774 3885 tum.
1792 3842 2006 3885 Gallicus
2020 3843 2221 3886 became
2243 3844 2539 3895 proverbial.

440 3905 493 3953 111
529 3905 604 3949 his
640 3906 875 3953 fatalistic
911 3911 1137 3954 account.
1209 3909 1443 3961 Polybius
1541 3910 1918 3956 immensum:
1946 3922 2025 3955 see
2051 3910 2243 3956 Introd.
2270 3913 2326 3959 V.
2352 3912 2395 3956 2.
2421 3924 2467 3957 α.
