2975 4367
517 268 585 321 60
1413 267 1478 320 Τ.
1529 266 1688 321 LIVI
2384 265 2540 333 [xlvi.
2577 270 2612 321 4

452 461 483 502 4
642 448 766 510 Hic
850 449 919 511 L.
1002 446 1394 529 Tarquinius
1420 483 1503 491 -
1528 446 1728 511 Prisci
1808 446 2119 528 Tarquini
2200 446 2364 528 regis
2444 448 2612 513 filius

519 567 802 628 neposne
856 548 1080 625 fuerit,¹
1129 567 1362 627 parum
1418 547 1650 628 liquet,
1705 546 2000 626 pluribus
2055 554 2279 610 tamen
2334 548 2613 611 auctori-

501 649 642 725 bus
686 647 891 709 filium
934 647 1246 710 ediderim
1273 643 1650 710 —fratrem
1694 647 2016 711 habuerat
2061 649 2414 711 Arruntem
2457 648 2613 710 Tar-

454 761 485 804 5
520 748 836 829 quinium,
925 747 1101 811 mitis
1184 747 1424 827 ingenii
1461 754 1465 758 ’
1509 747 1832 810 iuvenem.
1922 747 2044 810 His
2128 747 2385 811 duobus
2444 747 2613 810 duae

520 847 786 924 Tulliae,
844 847 1008 927 regis
1064 847 1231 909 filiae
1288 854 1666 927 nupserant,
1724 854 1792 910 et
1847 846 2025 926 ipsae
2081 846 2268 927 longe
2322 847 2611 927 dispares

522 948 827 1011 moribus.
919 950 1114 1011 Forte
1165 947 1263 1010 ita
1319 947 1658 1024 inciderat,
1706 967 1786 1009 ne
1846 946 1977 1010 duo
2024 947 2312 1011 violenta
2355 947 2612 1027 ingenia

523 1048 938 1111 matrimonio
976 1047 1416 1127 iungerentur,
1459 1048 1746 1123 fortuna,
1790 1047 2001 1123 cred0,
2043 1047 2267 1127 populi
2316 1047 2611 1124 Romani,

524 1168 653 1229 quo
690 1147 1060 1211 diuturnius
1099 1147 1281 1211 Servi
1314 1167 1587 1227 regnum
1622 1137 1810 1223 esset,
1850 1147 2289 1228 constituique
2326 1148 2613 1211 civitatis

456 1261 486 1303 6
522 1268 731 1311 mores
785 1256 1068 1326 possent.
1169 1247 1552 1327 Augebatur
1605 1248 1788 1310 ferox
1840 1248 2051 1310 Tullia
2105 1248 2263 1311 nihil
2306 1248 2616 1311 materiae

523 1349 591 1411 in
636 1348 773 1410 viro
819 1367 1027 1428 neque
1073 1347 1157 1410 ad
1203 1347 1635 1427 cupiditatem
1680 1367 1890 1429 neque
1935 1346 2017 1410 ad
2065 1348 2407 1410 audaciam
2451 1368 2615 1424 esse3

526 1455 669 1511 tota
726 1448 794 1510 in
851 1447 1128 1510 alterum
1187 1467 1416 1510 aversa
1472 1448 1898 1528 Tarquinium
1956 1467 2107 1510 eum
2166 1448 2404 1524 mirari,
2465 1468 2616 1510 eum

526 1548 738 1610 virum
775 1547 983 1609 dicere
1020 1568 1094 1610 ac
1131 1548 1305 1627 regio
1340 1548 1654 1626 sanguine
1690 1555 1909 1611 ortum
1919 1568 1936 1625 ;
1973 1567 2272 1628 spernere
2309 1569 2615 1625 sororem,

460 1661 491 1706 ⁷
525 1647 700 1729 quod
747 1648 959 1709 virum
1001 1655 1200 1711 nacta
1244 1646 1542 1709 muliebri
1586 1654 1863 1711 cessaret
1892 1647 2185 1711 audacia.
2274 1649 2619 1712 Contrahit

526 1747 813 1809 celeriter
851 1747 1208 1810 similitudo
1247 1767 1378 1825 eos,
1420 1754 1500 1810 ut
1538 1748 1669 1810 fere
1709 1749 1786 1810 fit
1811 1783 1893 1791 —
1917 1747 2164 1811 malum
2205 1748 2377 1811 malo
2419 1749 2621 1827 aptis-

524 1848 762 1912 simum
789 1882 871 1891 —
893 1847 1004 1911 sed
1058 1847 1321 1910 initium
1374 1847 1685 1911 turbandi
1738 1848 1958 1910 omnia
2011 1870 2050 1911 a
2102 1847 2347 1911 femina
2399 1854 2619 1911 ortum

523 1954 642 2010 est.
732 1948 830 2010 Ea
868 1948 1128 2011 secretis
1168 1947 1289 2010 viri
1329 1947 1519 2010 alieni
1561 1933 1939 2011 adsuefacta
1975 1948 2400 2034 sermonibus,
2430 1948 2623 2011 nullis

530 2047 876 2110 verborum
933 2047 1343 2111 contumeliis
1398 2066 1660 2127 parcere
1715 2046 1796 2108 de
1854 2047 1992 2110 viro
2050 2047 2133 2110 ad
2191 2047 2482 2125 fratrem,
2541 2047 2622 2109 de

528 2168 743 2211 sorore
783 2147 866 2211 ad
908 2148 1119 2210 virum
1130 2170 1148 2226 ,·
1186 2155 1255 2211 et
1292 2167 1360 2212 se
1398 2147 1638 2210 rectius
1677 2147 1944 2210 viduam
1982 2146 2051 2211 et
2088 2146 2272 2209 illum
2310 2148 2622 2211 caelibem

528 2247 826 2310 futurum
872 2247 1068 2312 fuisse
1116 2248 1526 2323 contendere,
1576 2266 1775 2328 quam
1823 2266 1971 2309 cum
2017 2246 2251 2327 impari
2296 2246 2497 2328 iungi,
2544 2254 2625 2314 ut

462 2364 493 2408 8
526 2347 1111 2427 elanguescendum
1160 2348 1370 2411 aliena
1414 2347 1700 2427 ignavia.
1723 2353 1911 2411 esset.
2003 2347 2069 2412 Si
2115 2348 2239 2412 sibi
2282 2367 2454 2425 eum,
2492 2368 2624 2429 quo

527 2448 723 2527 digna
777 2454 964 2524 esset,
1022 2448 1112 2510 dii
1167 2448 1497 2511 dedissent
1552 2447 1784 2524 virum,
1842 2447 2021 2510 domi
2073 2467 2140 2512 se
2193 2468 2395 2527 prope
2449 2447 2623 2512 diem

529 2548 814 2610 visuram
852 2567 1122 2634 regnum
1161 2548 1378 2624 fuisse,
1419 2546 1597 2629 quod
1637 2547 1812 2626 apud
1840 2554 2097 2627 patrem
2129 2548 2373 2613 videat.
2449 2547 2625 2612 Cele-

461 2665 503 2708 9·
526 2647 681 2710 riter
717 2646 1199 2710 adulescentem
1235 2667 1391 2712 suae
1429 2646 1819 2711 temeritatis
1856 2648 2104 2727 implet.
2197 2648 2432 2712 Lucius
2466 2649 2626 2711 Tar-

527 2746 787 2827 quinius
851 2754 918 2810 et
984 2743 1195 2810 Tullia
1260 2746 1492 2823 minor,
1558 2766 1759 2826 prope
1827 2748 2224 2812 continuatis
2289 2747 2625 2812 funeribus

585 3001 635 3043 4.
669 3000 837 3045 Prisci
882 2999 1173 3051 'rai-quini:
1226 3000 1311 3044 the
1355 3011 1526 3044 nomen
1688 3001 1738 3044 ¹1.
1772 3000 1994 3046 malum
2029 3032 2043 3046 .
2080 3033 2093 3047 .
2129 3032 2145 3047 .
2176 2991 2564 3054 aptissimum:
2594 3014 2625 3047 a

523 3068 621 3110 and
633 3078 883 3119 coenomen
895 3079 977 3110 are
992 3069 1272 3111 sometimes
1283 3068 1523 3119 reversed,
1625 3069 1834 3119 proverb
1847 3081 1857 3118 ;
1879 3070 2119 3113 translate
2138 3071 2464 3122 accordingly.
2507 3072 2627 3115 tur·

524 3136 562 3178 if
598 3135 683 3178 the
724 3145 1007 3186 praenomen
1045 3135 1087 3177 is
1128 3136 1353 3178 omitted.
1415 3136 1526 3179 edi·
1625 3134 1796 3179 bandi
1842 3137 2058 3180 omnia:
2102 3137 2188 3180 the
2230 3138 2415 3188 gerund
2457 3138 2627 3181 rather

525 3202 726 3245 dei-im:
791 3201 1030 3253 potential
1095 3202 1411 3253 subjunctive
1472 3203 1526 3246 in
1624 3202 1747 3245 than
1787 3203 1873 3246 the
1912 3204 2179 3254 gerundive
2210 3206 2252 3247 is
2282 3204 2473 3255 regular
2490 3206 2627 3255 ‚with

524 3269 715 3311 modest
745 3272 1029 3312 statement.
1623 3272 1797 3312 neuter
1834 3270 2106 3320 adjectives
2144 3271 2243 3313 and
2282 3282 2533 3324 pronouns
2570 3277 2627 3316 to

587 3338 636 3380 5.
670 3334 889 3379 duobus
923 3365 935 3377 .
968 3365 981 3378 .
1014 3365 1027 3378 .
1054 3338 1389 3387 nupserant:
1417 3338 1526 3381 Ser·
1624 3337 1768 3380 avoid
1827 3339 2121 3390 ambiguity.
2213 3340 2284 3383 Cf.
2347 3341 2386 3382 1.
2444 3341 2520 3382 21.
2583 3342 2626 3384 1.

524 3403 634 3446 vius
660 3401 758 3444 had
786 3402 1047 3445 betrothed
1075 3403 1150 3445 his
1177 3404 1443 3454 daughters
1470 3409 1524 3448 to
1623 3405 1831 3448 rectius
1868 3434 1881 3447 .
1919 3434 1932 3447 .
1969 3434 1982 3447 .
2014 3406 2282 3449 futurum
2312 3405 2509 3450 tuine:
2545 3409 2626 3451 “it

525 3470 610 3512 the
644 3479 758 3511 sons
793 3470 845 3511 of
880 3469 1110 3519 Tarquin.
1150 3482 1203 3512 so
1239 3471 1349 3515 that
1387 3472 1525 3515 these
1624 3471 1786 3513 would
1813 3472 1942 3514 have
1969 3472 2092 3515 been
2119 3473 2335 3521 better;’'
2363 3473 2449 3516 the
2473 3473 2629 3525 apod-

523 3547 690 3589 young
752 3547 865 3579 men
928 3537 1085 3587 might
1151 3541 1239 3580 not
1304 3540 1525 3591 conspire
1624 3539 1720 3581 osis
1750 3541 1801 3581 ot·
1830 3551 1860 3582 a
1891 3543 2125 3591 contrary
2156 3543 2209 3583 to
2240 3541 2341 3583 fact
2371 3540 2628 3584 condition
2718 3587 2726 3596 ,

524 3604 714 3653 against
758 3603 875 3653 him,
913 3614 967 3645 as
1000 3604 1087 3647 the
1119 3615 1232 3647 sons
1265 3606 1316 3647 of
1361 3607 1525 3649 Ancus
1623 3606 1675 3648 in
1696 3606 1841 3650 indir.
1862 3606 1981 3651 disc.
2036 3608 2108 3650 ct.
2130 3607 2342 3650 visuram
2360 3606 2512 3658 tuisse
2536 3608 2625 3659 (8).

523 3668 622 3711 had
695 3669 949 3721 conspired
1023 3670 1214 3720 against
1290 3672 1523 3722 Tarquin.
1624 3674 1860 3717 viduam
1896 3703 1909 3717 .
1949 3703 1962 3717 .
2001 3704 2014 3718 .
2048 3674 2344 3718 caelibem:
2375 3675 2491 3718 fem.
2524 3675 2627 3719 and

524 3744 618 3779 ne:
676 3736 962 3788 irregularly
1020 3738 1148 3780 after
1206 3750 1237 3780 a
1295 3740 1413 3782 verb
1473 3741 1526 3782 of
1624 3752 1773 3784 masc.
1803 3742 1856 3783 of
1883 3741 1969 3785 the
1996 3752 2131 3785 same
2157 3742 2283 3785 idea.

524 3802 821 3855 happening,
870 3803 1077 3847 because
1123 3816 1152 3847 a
1199 3805 1365 3849 divine
1411 3818 1526 3859 pur·
1685 3809 1736 3851 9.
1771 3808 2163 3853 matrimonio:
2234 3809 2339 3854 dat.
2444 3810 2629 3862 mati!

525 3881 642 3922 pose
672 3871 713 3912 is
744 3870 958 3921 implied.
1628 3905 1641 3919 .
1673 3905 1686 3919 .
1717 3905 1731 3918 .
1758 3875 2130 3926 adprobante:
2157 3875 2338 3929 simply
2363 3877 2493 3919 “not
2520 3887 2631 3930 pre-
