2975 4367
348 466 409 508 12
441 441 615 507 siliis.

448 261 549 315 106
629 272 636 278 “

1355 258 1418 314 Τ.
1456 255 1617 314 LIVI

2359 261 2434 330 [li.
2477 267 2537 319 11

708 442 870 506 Sicci
941 442 1169 506 caedes
1239 441 1623 506 decemviris
1691 449 1759 506 et
1831 443 2135 525 Appiana
2203 443 2402 510 libido
2471 454 2539 510 et

441 542 759 606 dedecora
784 541 1053 605 militiae
1077 541 1550 605 obiciebantur.

1641 542 1952 607 Placebat
1975 544 2304 608 Valerium
2331 547 2539 611 Hora-

441 644 737 724 tiumque
769 642 860 704 ire
891 642 960 705 in
990 641 1409 705 Aventinum.
1492 641 1594 703 Illi
1628 643 1957 722 negabant
1989 664 2058 707 se
2092 644 2278 707 aliter
2310 647 2536 723 ituroS,

440 763 639 824 quam
678 743 733 807 si
771 741 1122 806 decemviri
1161 742 1564 823 deponerent
1602 742 1879 822 insignia
1917 745 2340 824 magistratus
2377 747 2533 822 eiuS,

344 864 405 909 13
439 864 568 924 quo
624 851 795 907 a'nno
849 842 982 905 iam
1036 849 1191 905 ante
1245 841 1553 906 abissent.

1644 843 2029 919 Decemviri,
2074 852 2415 924 querentes
2467 866 2537 909 se

438 943 506 1005 in
538 943 833 1006 ordinem
866 942 1028 1023 cogi,
1064 963 1198 1006 non
1231 948 1385 1005 ante
1419 962 1620 1023 quam
1653 942 1920 1023 perlatis
1954 943 2220 1024 legibus,
2257 967 2533 1026 quarum

439 1063 638 1107 causa
694 1042 895 1106 creati
952 1048 1190 1118 essent,
1250 1042 1661 1123 deposituros
1719 1042 2064 1124 imperium
2120 1064 2189 1108 se
2248 1046 2530 1109 aiebant.

564 1144 708 1206 LII.
758 1145 881 1205 Per
942 1143 1027 1205 M.
1078 1141 1415 1219 Duillium,
1479 1141 1593 1223 qui
1655 1143 1959 1207 tribunus
2026 1144 2232 1224 plebis
2298 1146 2531 1222 fuerat,

438 1243 672 1307 certior
715 1243 893 1307 facta
928 1242 1111 1324 plebs
1146 1242 1678 1307 contentionibus
1715 1241 2004 1307 adsiduis
2041 1244 2201 1308 nihil
2239 1247 2529 1327 transigi,

374 1364 406 1406 2
438 1342 505 1405 in
528 1344 797 1406 Sacrum
820 1350 1114 1407 montem
1133 1362 1218 1406 ex
1241 1342 1571 1405 Aventino
1594 1342 1851 1418 transit,
1878 1342 2270 1408 adfirmante
2295 1344 2533 1410 Duillio

438 1465 570 1506 non
605 1443 803 1524 prius,
841 1463 1042 1524 quam
1078 1441 1285 1506 deseri
1321 1441 1551 1505 urbem
1587 1441 1877 1518 videant,
1917 1463 2142 1507 curam
2180 1445 2247 1508 in
2284 1446 2534 1510 animos

438 1549 703 1623 patrum
776 1544 1232 1607 descensuram
1242 1563 1259 1619 ;
1333 1541 1825 1605 admoniturum
1900 1544 2167 1606 Sacrum
2242 1552 2534 1610 montem

438 1645 847 1707 constantiae
903 1642 1129 1724 plebiS‚
1187 1642 1593 1722 sciturosque
1647 1641 1785 1705 sine
1841 1644 2150 1706 restituta
2204 1651 2533 1724 potestate

373 1762 405 1805 3
437 1743 787 1807 tribunicia
869 1741 1071 1823 redigi
1153 1742 1217 1805 in
1305 1740 1719 1805 concordiam
1803 1763 1985 1806 resne
2058 1750 2321 1823 queant.

2411 1745 2535 1808 Via

439 1842 874 1919 Nomentana,
948 1840 1052 1906 cui
1122 1848 1267 1905 tum
1340 1839 1661 1904 Ficulensi
1730 1863 1969 1906 nomen
2040 1843 2185 1920 fuit,
2259 1845 2534 1924 profecti

437 1949 652 2005 castra
720 1943 788 2005 in
859 1950 1082 2007 monte
1154 1943 1349 2005 Sacro
1421 1940 1734 2017 locavere,
1808 1942 2198 2006 modestiam
2266 1951 2532 2024 patrum

434 2062 700 2106 suorum
746 2042 905 2105 nihil
951 2041 1255 2107 violando
1298 2041 1562 2104 imitati.

371 2163 401 2204 4
435 2143 631 2219 nullo,
689 2143 802 2224 qui
855 2163 971 2224 per
1023 2148 1311 2207 aetatem
1364 2140 1455 2204 ire
1510 2147 1749 2221 posset,
1800 2148 2218 2206 retractante.

1653 2042 1891 2105 Secuta
1933 2043 2292 2106 exercitum
2326 2043 2530 2124 plebs,

2310 2145 2533 2208 Prose-

435 2249 730 2322 quuntur
783 2243 1086 2323 coniuges
1143 2241 1473 2321 liberique,
1534 2241 1794 2303 cuinam
1848 2262 1917 2304 se
1973 2241 2408 2322 relinquerent
2463 2244 2529 2306 in

432 2362 512 2405 ea
554 2344 733 2419 urbe,
778 2343 848 2406 in
892 2362 1025 2423 qua
1066 2363 1185 2406 nec
1230 2340 1549 2422 pudicitia
1592 2361 1709 2404 nec
1756 2340 2021 2404 libertas
2065 2349 2295 2406 sancta
2337 2350 2527 2419 esset,

434 2442 886 2506 miserabiliter
922 2443 1298 2523 rogitantes,

560 2543 741 2605 LIII.
790 2544 960 2606 Tum
981 2542 1274 2605 Valerius
1303 2540 1750 2620 Horatiusque
1778 2540 1954 2605 missi
1979 2542 2062 2605 ad
2092 2542 2347 2622 plebem
2377 2565 2526 2606 con-

432 2640 815 2719 dicionibus,
866 2642 1106 2724 quibus
1154 2641 1505 2716 videretur,
1544 2641 1980 2704 revocandam
2019 2642 2530 2722 componendas-

432 2762 559 2822 que
609 2763 729 2819 res,
782 2742 1165 2805 decemviris
1216 2759 1476 2822 quoque
1530 2740 1613 2802 ab
1664 2740 1760 2803 ira
1808 2747 1876 2803 et
1928 2741 2179 2820 impetu
2231 2743 2528 2805 multitu-

366 2861 398 2905 2
430 2841 599 2904 dinis
630 2861 1017 2922 praecavere
1047 2841 1374 2904 iubentur.

491 3062 571 3105 12.
606 3062 868 3106 militiae:
893 3062 1127 3114 genitive.
1184 3067 1298 3112 quo
1326 3088 1341 3103 .
1370 3088 1385 3103 .
1414 3088 1428 3102 .

428 3129 703 3173 abissent:
730 3129 899 3171 “from
922 3128 1083 3172 which
1107 3128 1228 3180 they
1252 3124 1427 3170 should

430 3197 556 3240 have
590 3196 767 3248 passed
802 3196 1042 3249 certainly
1076 3196 1164 3239 the
1195 3204 1313 3247 year
1345 3194 1429 3237 be-

429 3264 583 3307 tore.”
647 3265 719 3308 Cr.
755 3265 831 3308 38.
871 3266 911 3307 1.
977 3263 1081 3307 The
1112 3262 1429 3313 subjunctive

429 3332 470 3374 is
498 3342 592 3373 one
619 3332 673 3374 of
702 3330 974 3374 unfuifined
1005 3331 1272 3382 propriety.

427 3399 538 3443 LII.
596 3401 689 3443 1-4.
742 3399 1020 3442 LIII-LIV.
1071 3400 1117 3442 6.
1200 3397 1430 3441 SECES-

489 3467 647 3511 SION
691 3467 779 3510 OF
827 3468 964 3510 THE
1007 3467 1244 3515 PLEB&
1291 3466 1429 3508 THE

489 3536 731 3579 DECEM
740 3537 893 3580 VIRS
937 3535 1190 3580 RETIRE'
1233 3534 1429 3579 FROM

488 3604 750 3650 OFFICE.

490 3671 599 3714 LII.
621 3671 672 3715 2.
697 3669 1154 3713 admoniturum:
1175 3677 1240 3712 sc.
1255 3667 1423 3720 patres,

425 3736 585 3780 which
656 3741 878 3787 suggests
950 3737 1037 3780 the
1109 3736 1300 3786 subject
1374 3736 1428 3779 of

429 3805 642 3847 scituros.
721 3813 880 3847 mne
930 3804 1168 3856 queant:
1219 3803 1305 3845 the
1352 3804 1425 3846 in-

427 3871 578 3914 direct
624 3872 848 3921 question
891 3872 1018 3912 after
1060 3871 1177 3912 scire
1217 3870 1259 3912 is
1301 3881 1420 3916 rare.

1466 2839 1751 2902 Profecti
1784 2840 2020 2919 gaudio
2052 2842 2299 2920 ingenti
2322 2842 2529 2922 plebis

1530 3061 1621 3104 but
1648 3059 1711 3103 cf.
1740 3059 1786 3104 6.
1816 3059 1890 3103 25.
1920 3061 1965 3104 8.
2314 3098 2319 3103 .

1589 3131 1639 3173 3.
1672 3127 1735 3170 in
1749 3128 1945 3171 monte
1970 3130 2153 3173 sacret
2176 3129 2368 3181 usually
2386 3130 2530 3172 Sacer

1526 3205 1663 3238 mone
1692 3196 1745 3238 in
1779 3195 1918 3246 Livy.
1950 3206 1981 3236 a
2003 3197 2350 3239 conventional
2384 3197 2529 3240 order

1526 3262 1647 3305 such
1706 3273 1762 3305 as
1823 3263 1974 3306 Sacra
2032 3263 2129 3306 via.
2185 3263 2526 3309 modestiam

1527 3329 1781 3381 patrum:
1853 3329 1938 3372 the
1964 3329 2307 3373 sels-restraint
2341 3331 2393 3373 of
2439 3331 2526 3375 the

1527 3397 1630 3439 first
1655 3397 1908 3439 secession.
1974 3396 2046 3440 Cf.
2072 3398 2116 3441 2.
2143 3399 2218 3441 32.
2244 3400 2289 3441 4.
2346 3397 2525 3450 plebe:

1526 3464 1668 3507 those
1699 3463 1894 3506 outside
1926 3463 1978 3505 of
2012 3464 2097 3507 the
2126 3474 2283 3516 army.

1591 3532 1727 3574 LIII.
1764 3531 1812 3573 1.
1845 3530 2092 3576 Valerius
2123 3533 2525 3585 Horatiusque:

1526 3600 1653 3643 after
1689 3610 1824 3642 some
1859 3599 2039 3642 debate
2074 3600 2125 3641 in
2163 3599 2247 3642 the
2285 3600 2401 3652 city,
2440 3600 2526 3644 the

1526 3667 1795 3709 decemvirs
1853 3666 2027 3715 agreed
2087 3670 2140 3708 to
2197 3667 2343 3710 retire
2399 3667 2524 3709 from

1525 3735 1664 3777 office
1709 3733 1808 3776 and
1856 3733 1993 3776 these
2027 3733 2315 3785 champions
2350 3734 2403 3776 ot
2438 3734 2524 3777 the

1526 3802 1653 3853 plebs
1700 3801 1794 3850 (49.
1841 3802 1870 3843 3
1913 3799 2011 3843 and
2054 3800 2107 3852 4)
2151 3811 2276 3844 were
2319 3804 2428 3844 sent
2472 3806 2526 3844 to

1527 3869 1668 3911 recall
1695 3869 1780 3912 the
1805 3868 2040 3912 seceders.
