2975 4367
362 246 430 299 92
1286 246 1349 300 Τ.
1386 246 1547 300 LIVI
2186 244 2381 311 [xxxv.
2423 249 2458 302 2

298 448 328 491 3
362 432 681 505 petentes.
774 425 1073 490 Demissa
1117 426 1250 490 iam
1298 427 1365 490 in
1413 427 1760 491 discrimen
1787 428 2073 508 dignitas
2119 450 2197 492 ea
2246 437 2464 493 aetate

360 524 568 606 iisque
597 526 951 590 honoribus
981 526 1144 590 actis
1170 527 1558 590 stimulabat
1584 528 1706 608 Ap.
1728 528 2091 591 Claudium.
2152 529 2463 606 NescireS,

362 631 586 689 utrum
632 625 803 689 inter
846 626 1247 690 decemviros
1294 649 1379 690 an
1423 628 1596 690 inter
1640 628 2026 692 candidatos
2070 650 2462 693 numerares.

295 750 327 791 4
362 725 635 805 Propior
691 725 1024 790 interdum
1089 727 1373 807 petendo
1440 748 1641 809 quam
1707 729 1986 808 gerendo
2053 729 2466 808 magistratui

360 833 529 890 erat:
580 825 905 890 criminari
950 827 1325 907 optimates,
1373 828 1683 892 extollere
1730 829 2232 893 candidatorum
2278 828 2467 892 levis-

360 927 600 990 simum
679 947 1006 1008 quemque
1084 927 1672 1009 humillimumque,
1751 929 1921 1010 ipse⁸
1967 929 2220 993 medius
2295 929 2468 993 inter

296 1050 328 1094 5
361 1027 766 1105 tribunicios,
814 1027 1087 1091 Duillios
1131 1028 1494 1109 Iciliosque,
1537 1029 1607 1091 in
1647 1029 1787 1093 foro
1830 1029 2126 1107 volitare,
2170 1030 2305 1110 per'
2324 1030 2466 1093 illos

359 1147 430 1192 se
490 1126 664 1208 plebi
727 1128 1089 1205 venditare,
1152 1128 1357 1192 donec
1420 1128 1700 1208 collegae
1761 1150 2042 1210 quoque,
2105 1131 2219 1211 qui
2280 1131 2468 1193 unice

359 1226 452 1289 iili
488 1227 695 1291 dediti
731 1228 994 1292 fuerant
1031 1229 1114 1291 ad
1149 1229 1215 1290 id
1252 1235 1536 1310 tempuS,
1575 1230 1900 1293 coniecere
1935 1230 2004 1292 in
2036 1250 2189 1292 eum
2223 1230 2464 1307 ocuIOS,

294 1349 327 1392 c
362 1328 693 1405 miranteS‚
739 1328 896 1408 quid
946 1329 1070 1392 sibi
1123 1329 1337 1392 vellet.
1429 1329 1759 1409 Apparere
1811 1328 1970 1391 nihil
2021 1329 2252 1393 sinceri
2302 1350 2440 1393 esse
2450 1351 2468 1407 ς

359 1428 653 1509 profecto
710 1428 887 1491 haud
945 1429 1304 1509 gratuitam
1357 1428 1426 1491 in
1479 1435 1672 1492 tanta
1725 1430 2032 1510 superbia
2086 1430 2466 1504 comitatem

360 1527 525 1605 iore3
584 1528 860 1591 nimium
920 1529 990 1591 in
1048 1529 1342 1593 ordinem
1401 1550 1469 1593 se
1529 1528 1744 1609 ipsum
1806 1550 2029 1609 cogere
2087 1536 2156 1593 et
2215 1529 2467 1609 vulgari

362 1648 511 1691 cum
543 1627 821 1708 privatis
852 1650 986 1691 non
1017 1635 1157 1691 tam
1189 1629 1600 1709 properantis
1633 1628 1810 1692 abire
1844 1629 2235 1708 magistratu
2267 1650 2466 1709 quam

362 1727 538 1790 viam
605 1726 687 1791 ad
756 1729 1278 1791 continuandum
1344 1730 1804 1808 magistratum
1844 1730 2242 1809 quaerentis
2305 1749 2463 1792 esse.

295 1848 327 1894 ⁷
363 1827 709 1907 Propalam
761 1829 1028 1892 obviam
1087 1829 1178 1891 ire
1236 1829 1585 1908 cupiditati
1643 1849 1876 1908 parum
1935 1829 2095 1906 ausi,
2153 1830 2469 1893 obsecun-

361 1927 579 1991 dando
635 1928 882 1991 mollire
938 1928 1260 2008 impetum
1316 1928 1804 2008 adgrediuntur.
1905 1929 2332 1992 Comitiorum
2375 1928 2466 1990 illi

362 2027 832 2105 habendorum,
874 2028 1140 2109 quando
1178 2028 1486 2091 minimus
1524 2036 1689 2091 natu
1724 2030 1831 2106 sit,
1871 2050 2111 2092 munus
2148 2050 2466 2092 consensu

296 2150 327 2194 8
362 2126 728 2207 iniungunt.
824 2128 945 2192 Ars
993 2129 1152 2191 haec
1199 2134 1362 2204 erat,
1401 2141 1482 2191 ne
1518 2135 1726 2191 semet
1774 2129 1911 2209 ipse
1959 2149 2173 2192 creare
2219 2136 2460 2209 posset,

360 2227 536 2307 quod
564 2236 823 2308 praeter
849 2228 1149 2291 tribunos
1178 2227 1372 2309 plebi,
1401 2234 1469 2291 et
1495 2227 1562 2289 id
1590 2228 1806 2309 ipsum
1833 2229 2114 2310 pessimo
2141 2229 2461 2309 exemp10,

361 2347 552 2391 nemo
592 2348 909 2409 umquam
951 2328 1226 2392 fecisset.
2181 2391 2188 2398 .

487 2426 603 2490 Ille
631 2428 983 2504 enimvero,
1015 2428 1192 2509 quod
1224 2429 1390 2492 bene
1417 2434 1659 2506 vertat,
1690 2428 2072 2493 habiturum
2101 2450 2171 2494 se
2199 2430 2467 2494 comitia

295 2549 327 2593 9
361 2527 705 2606 professuS,
742 2528 1289 2607 impedimentum
1321 2549 1439 2610 pro
1471 2529 1808 2593 occasione
1841 2530 2134 2609 arripuit,
2168 2529 2464 2594 deiectis-

361 2647 487 2707 que
537 2628 778 2690 honore
830 2649 944 2707 per
994 2628 1342 2692 coitionem
1392 2628 1651 2691 duobus
1702 2629 2043 2705 QuinctiiS,
2096 2629 2463 2709 Capitolino

359 2732 427 2789 et
471 2727 877 2802 CincinnatO,
924 2735 991 2791 et
1036 2736 1274 2808 patruo
1316 2749 1435 2791 suo
1479 2730 1546 2792 C.
1595 2729 1886 2805 Claudio,
1934 2730 2462 2793 constantissimo

362 2826 501 2889 viro
530 2827 599 2889 in
625 2828 1051 2907 optimatium
1082 2850 1298 2905 causa,
1329 2835 1397 2892 et
1427 2828 1568 2892 aliis
1596 2829 1885 2894 eiusdem
1916 2830 2158 2909 fastigii
2188 2830 2459 2905 civibus,

266 2951 325 2993 ιο
361 2947 777 3008 nequaquam
829 2928 1172 3008 splendore
1224 2930 1401 2992 vitae
1450 2949 1639 3010 pares
1690 2930 2091 2993 decemviros
2143 2936 2340 3005 creat,
2393 2949 2463 2993 se

394 3114 473 3156 -8,
507 3115 776 3165 nemina,
823 3117 937 3157 etc.:
982 3114 1068 3158 the
1102 3114 1203 3157 fact
1247 3115 1360 3158 that

361 3190 391 3222 a
421 3191 538 3222 man
568 3181 621 3223 ot
649 3181 725 3223 his
756 3183 984 3233 position,
1009 3183 1061 3225 in
1082 3182 1159 3225 his
1190 3184 1358 3234 prime.

361 3247 459 3290 and
494 3258 588 3290 one
621 3248 731 3290 who
765 3249 863 3291 had
901 3250 1024 3292 been
1059 3249 1227 3291 consul
1263 3249 1358 3291 and

362 3314 609 3357 decemvir
659 3316 732 3364 (ea
779 3346 792 3360 .
840 3347 852 3359 .
901 3348 913 3359 .
960 3316 1115 3365 actis),
1163 3327 1263 3358 was
1308 3319 1360 3358 at

361 3381 426 3424 all
457 3382 670 3432 brought
700 3383 753 3424 in
783 3383 966 3433 danger
998 3384 1049 3425 of
1080 3384 1360 3426 retirement

360 3449 563 3501 spurred
590 3450 782 3501 Appius
807 3461 887 3493 on.
949 3451 1218 3495 nescires:
1249 3454 1360 3501 past

361 3517 602 3569 potential
624 3517 675 3559 of
695 3516 781 3560 the
798 3517 949 3560 indes.
971 3517 1148 3560 second
1169 3527 1360 3569 person.

426 3586 473 3627 5.
507 3591 565 3627 te
608 3612 622 3627 .
666 3613 680 3627 .
724 3613 738 3626 .
777 3583 1092 3627 venditare:
1133 3583 1360 3626 “curried

361 3650 448 3694 the
474 3652 616 3693 favor
642 3651 695 3693 of
721 3652 807 3694 the
835 3650 1147 3694 Commons.”

426 3719 474 3760 6.
506 3718 569 3761 in
615 3717 780 3761 tanta
826 3716 1085 3768 superbia
1130 3717 1362 3760 comita-

363 3786 505 3829 ἵστης
543 3784 814 3836 ‘affability
831 3786 882 3826 in
901 3795 994 3826 one
1012 3794 1066 3825 so
1084 3784 1360 3836 haughty.”

361 3853 426 3896 in
451 3851 706 3895 ordinem
735 3879 748 3893 .
780 3880 793 3894 .
824 3880 837 3893 .
864 3858 1080 3901 cogere:
1108 3851 1259 3893 “that
1285 3851 1360 3894 his

1462 3112 1579 3156 thus
1601 3113 1834 3164 reducing
1855 3113 2049 3156 himself
2072 3116 2125 3156 to
2149 3113 2234 3156 the
2257 3113 2461 3161 ranks:”

1461 3182 1589 3224 after
1625 3191 1854 3232 apparere
1891 3181 1989 3223 and
2028 3181 2219 3232 subject
2258 3182 2311 3224 of
2345 3191 2458 3225 esse.

1460 3248 1835 3300 properantis:
1861 3248 1996 3300 pred.
2022 3259 2150 3300 poss
2178 3259 2285 3298 gen.

1526 3316 1575 3357 7.
1611 3315 2067 3359 obsecundando:
2112 3315 2220 3366 “by
2262 3315 2463 3367 compli-

1460 3382 1636 3427 ance:'’
1680 3383 1766 3425 the
1807 3385 1926 3424 next
1971 3386 2199 3424 sentence
2241 3382 2464 3434 explains

1461 3450 1548 3492 the
1581 3459 1800 3492 manner.
1864 3449 1971 3492 ini:
2004 3449 2108 3491 dat.
2142 3448 2265 3492 with
2294 3449 2463 3492 iniun-

1459 3518 1590 3567 aum.

1522 3584 1573 3627 9.
1605 3583 2110 3634 impedimentum:
2178 3583 2257 3627 i.e.
2326 3582 2461 3627 what

1459 3661 1561 3693 was
1592 3655 1760 3694 meant
1793 3654 1846 3694 to
1879 3652 1940 3695 be
1970 3662 2035 3694 an
2066 3651 2300 3694 obstacle.
2364 3658 2462 3702 per

1459 3717 1789 3763 coitionem:
1837 3719 1945 3770 “by
1990 3717 2279 3761 collusion.”
2353 3717 2464 3762 1⁸⁸-

1459 3785 1610 3836 tigii:
1637 3786 1976 3828 “eminence.”
