2975 4367
584 222 685 274 156
1481 219 1556 309 ⁸T.
1596 217 1754 275 LIVI

2435 218 2610 287 [xviii.
2650 220 2684 275 6

513 410 544 453 6
577 405 737 463 erat.
844 398 1098 462 XVIII.
1148 400 1224 461 Id
1278 418 1431 463 vero
1492 401 1849 480 periculum
1909 406 2070 477 erat,
2135 401 2309 481 quod
2371 401 2680 465 levissimi

578 521 661 563 ex
697 500 974 575 GraeciS,
1015 499 1127 579 qui
1164 501 1559 563 Parthorum
1597 522 1856 581 quoque
1892 508 2122 564 contra
2156 522 2394 564 nomen
2430 503 2674 564 Roma-

579 621 737 662 num
800 600 1035 679 gloriae
1097 599 1344 676 favent,
1453 601 1755 664 dictitare
1783 625 1788 632 ·
1817 601 2049 677 solent,
2116 621 2196 664 ne
2263 602 2679 664 maiestatem

578 701 857 763 nominis
910 699 1283 776 Alexandri,
1340 721 1537 780 quem
1590 722 1669 764 ne
1723 701 1901 763 fama
1952 701 2219 781 quidem
2270 701 2393 764 illis
2444 708 2678 764 notum

582 801 862 864 arbitror
897 799 1111 876 fuisse,
1150 801 1466 864 sustinere
1504 822 1636 864 non
1670 801 1962 881 potuerit
1998 801 2276 880 populus
2313 803 2674 876 RomanUS,

512 910 544 956 7
580 907 649 964 et
685 901 993 963 adversus
1029 920 1230 980 quem⁴
1259 901 1554 977 Athenis,
1590 902 1659 963 in
1694 902 1962 963 civitate
2000 902 2209 964 fracta
2245 901 2676 964 Macedonum

582 1001 795 1077 armis,
839 1007 1140 1064 cernente
1180 1007 1325 1063 tum
1367 1002 1653 1064 maxime
1692 1022 1894 1082 prope
1934 1001 2264 1064 fumantes
2301 1001 2676 1064 Thebarum

578 1102 817 1176 ruinaS,
865 1102 1226 1164 contionari
1272 1101 1468 1165 libere
1515 1102 1654 1164 ausi
1699 1108 1856 1164 sunt
1900 1102 2213 1178 homines,
2260 1101 2327 1162 id
2375 1101 2549 1181 quod
2593 1122 2678 1164 ex

580 1201 1020 1263 monumentis
1075 1202 1446 1263 orationum
1502 1207 1709 1282 patet,
1770 1201 2082 1264 adversus
2137 1222 2288 1264 eum
2346 1222 2536 1264 nemo
2593 1221 2678 1263 ex

580 1307 683 1364 tot
724 1301 1097 1381 proceribus
1141 1301 1457 1364 Romanis
1501 1323 1729 1365 vocem
1774 1292 2065 1364 liberam'
2088 1302 2400 1364 missurus
2443 1301 2678 1363 fuerit?

512 1413 546 1457 8
579 1400 1004 1476 Quantalibet
1042 1401 1424 1480 magnitudo
1461 1401 1742 1463 hominis
1777 1402 2184 1481 concipiatur
2218 1401 2456 1477 animo,
2483 1400 2676 1463 unius

580 1507 804 1564 tamen
854 1521 933 1564 ea
986 1501 1369 1579 magnitudo
1424 1501 1704 1564 hominis
1755 1502 1898 1577 erit,
1956 1500 2227 1564 collecta
2278 1501 2474 1581 paulo
2528 1501 2675 1580 plus

513 1613 544 1655 9
578 1600 801 1664 decem
845 1621 1164 1663 annorum
1207 1600 1519 1664 felicitate
1530 1622 1546 1677 ;
1591 1622 1789 1681 quam
1835 1601 1947 1681 qui
1987 1622 2064 1664 eo
2105 1600 2451 1677 extollunt,
2497 1600 2675 1680 quod

578 1701 858 1781 populus
897 1703 1255 1776 RomanuS,
1294 1701 1417 1764 etsi
1454 1701 1631 1763 nullo
1669 1701 1856 1776 bello,
1898 1702 2121 1763 multis
2158 1707 2383 1764 tamen
2418 1700 2676 1781 proeliis

580 1801 794 1864 victus
844 1801 952 1877 sit,
1009 1800 1378 1863 Alexandro
1430 1801 1669 1863 nullius
1720 1821 1976 1880 pugnae
2028 1822 2160 1863 non
2210 1800 2497 1864 secunda
2547 1800 2677 1862 for-

580 1902 745 1964 tuna
800 1901 1014 1978 suerit,
1073 1922 1205 1963 non
1259 1901 1646 1980 intellegunt
1701 1922 1769 1964 se
1826 1901 2105 1963 hominis
2160 1922 2259 1964 res
2315 1908 2547 1980 gestaS,
2606 1907 2675 1963 et

576 2002 716 2064 'eius
758 2001 1030 2077 iuveniS,
1079 2021 1228 2064 cum
1271 2001 1497 2081 populi
1540 2001 1671 2063 iam
1715 2000 2329 2080 octingentesimum
2373 2000 2675 2063 bellantis

485 2116 544 2159 10
580 2122 826 2165 annum
871 2102 1062 2164 rebus
1107 2101 1411 2164 conferre.
1506 2096 1832 2177 Miremur,
1879 2100 1953 2177 si,
2001 2120 2151 2164 cum
2193 2120 2277 2163 ex
2321 2102 2440 2163 hac
2485 2107 2674 2179 parte

578 2202 836 2265 saecula
889 2201 1078 2282 plura
1133 2208 1558 2264 numerentur
1614 2221 1811 2281 quam
1868 2221 1951 2264 ex
2006 2201 2116 2264 illa
2171 2200 2343 2276 anni,
2404 2200 2550 2281 plus
2607 2201 2675 2263 in

580 2309 719 2365 tam
782 2302 970 2381 longo
1032 2302 1245 2381 spatio
1308 2321 1508 2381 quam
1571 2301 1639 2363 in
1701 2288 1923 2364 aetate
1978 2301 2291 2363 tredecim
2353 2320 2675 2362 annorum

484 2422 539 2462 11
579 2402 844 2465 fortuna
901 2401 1288 2464 variaverit?
1388 2400 1564 2476 Quin
1621 2406 1697 2463 tu
1757 2401 2036 2463 hominis
2097 2421 2247 2464 cum
2306 2400 2565 2463 homine
2606 2407 2675 2463 et

484 2522 543 2564 12
577 2502 759 2563 ducis
793 2522 943 2564 cum
976 2501 1138 2564 duce
1173 2501 1507 2563 fortunam
1544 2500 1834 2563 confers?
1894 2500 2072 2576 Quot
2109 2502 2442 2563 Romanos
2476 2500 2674 2563 duces

578 2602 927 2677 nominem,
1001 2602 1235 2681 quibus
1305 2621 1668 2681 numquam
1739 2601 2014 2664 adversa
2081 2600 2346 2663 fortuna
2414 2621 2673 2680 pugnae

579 2702 742 2763 fuit?
862 2701 1139 2780 Paginas
1219 2701 1287 2763 in
1366 2701 1708 2764 annalibus
1781 2702 2411 2781 magistratuumque
2488 2700 2675 2763 fastis

577 2818 941 2881 percurrere
1001 2801 1147 2863 licet
1208 2801 1546 2864 consulum
1605 2801 2154 2881 dictatorumque,
2217 2821 2495 2880 quorum
2554 2822 2673 2864 nec

640 2952 832 2997 XVIII.
869 2955 916 2996 6.
949 2953 1307 2996 levissimi'ex
1332 2952 1575 2997 Graecis:
1671 2952 1818 2996 lecta
1850 2983 1863 2996 .
1895 2982 1909 2995 .
1942 2983 1955 2996 .
1981 2951 2277 2995 felicitate:
2306 2951 2519 3003 “gained
2548 2952 2676 2995 from

576 3031 606 3062 a
635 3021 808 3063 nation
838 3022 1003 3071 linqua
1031 3021 1184 3071 mavis
1213 3023 1405 3063 strenua
1433 3031 1575 3070 quam

576 3088 728 3139 factis,
769 3088 1028 3139 according
1066 3092 1119 3131 to
1160 3089 1285 3139 Livy
1325 3090 1369 3131 8.
1413 3090 1487 3130 22.
1529 3089 1573 3130 8.

577 3155 680 3197 The
713 3155 870 3198 whole
904 3155 1169 3206 digression
1204 3156 1245 3197 is
1280 3154 1576 3207 apparently

577 3232 642 3264 an
684 3232 870 3264 answer
913 3225 965 3264 to
1008 3223 1145 3265 these
1187 3223 1444 3265 otherwise
1486 3233 1576 3264 un-

577 3289 756 3331 known
779 3289 1014 3333 boasters.
1070 3289 1203 3333 uns:
1228 3290 1313 3332 the
1337 3290 1573 3332 Romans,

640 3358 688 3398 ’1.
723 3356 1042 3400 Thebarum
1070 3357 1286 3400 ruinas:
1316 3357 1402 3400 the
1429 3356 1576 3398 home

576 3423 629 3465 of
659 3423 745 3466 the
776 3427 891 3475 poet
927 3424 1107 3466 Pindar
1139 3423 1280 3466 alone
1310 3424 1351 3465 is
1383 3423 1487 3465 said
1522 3427 1576 3465 to

577 3489 705 3532 have
756 3489 908 3532 been·
932 3490 1107 3542 spared
1160 3490 1229 3539 by
1282 3490 1574 3533 Alexander.

579 3556 926 3603 orationum:
977 3568 1066 3607 e.g.
1118 3557 1170 3598 of
1222 3556 1576 3599 Demosthenes

578 3623 675 3665 and
736 3623 1000 3674 Lycurgus.
1092 3623 1358 3666 adversus
1417 3631 1576 3667 eum:

576 3690 824 3739 resuming
846 3691 1067 3732 adversus
1090 3700 1240 3740 quem.
1299 3689 1576 3733 missurus

576 3756 772 3800 fuerit:
804 3767 883 3799 see
913 3767 977 3798 on
1007 3756 1199 3805 tuturus
1228 3756 1384 3806 ruerit,
1424 3758 1497 3800 17.
1531 3759 1574 3798 2.

641 3823 690 3865 8.
724 3824 1096 3873 concipiatur:
1124 3834 1415 3866 concesswe.
1470 3822 1578 3866 col-

1675 3020 1760 3062 the
1790 3020 2032 3062 success.’'

1735 3088 1786 3129 9.
1820 3086 2006 3130 victus
2074 3086 2173 3129 sit:
2241 3086 2557 3136 subjunctive
2625 3089 2677 3129 of

1674 3153 1898 3204 assigned
1979 3164 2169 3196 reason.
2282 3153 2677 3204 ooungentesi-

1676 3229 1864 3264 mum:
1922 3221 1973 3263 in
2029 3220 2188 3263 round
2246 3220 2496 3268 numbers:
2555 3222 2675 3265 used

1673 3288 2009 3340 inaccurately
2053 3288 2130 3329 for
2175 3287 2493 3331 Alexander's
2537 3289 2674 3340 time,

1673 3356 1882 3398 because
1926 3356 2051 3407 Livy
2093 3355 2193 3397 still
2234 3354 2350 3397 feels
2390 3355 2429 3398 it
2472 3359 2583 3398 true
2624 3357 2675 3398 in

1672 3424 1748 3465 his
1773 3434 1883 3465 own
1908 3423 2023 3474 day.

1738 3491 1817 3533 10.
1852 3498 1917 3533 ex
1968 3490 2072 3532 hac
2121 3489 2303 3540 parte:
2350 3489 2427 3532 i.e.
2477 3500 2541 3531 on
2590 3490 2679 3534 the

1675 3558 1871 3599 Roman
1901 3556 2018 3598 side.

1738 3624 1817 3665 11.
1852 3623 1994 3674 quin
2019 3653 2031 3665 .
2058 3653 2071 3666 .
2098 3652 2110 3665 .
2132 3623 2401 3667 contem:
2431 3641 2474 3656 =
2501 3622 2675 3673 confer.

1739 3690 1818 3732 12.
1853 3689 2177 3733 consulum:
2203 3690 2321 3732 with
2345 3700 2565 3741 pao-mas.
2614 3690 2677 3733 in

1680 3785 1710 3803 .,
1740 3785 1752 3797 .
1800 3785 1812 3797 .
1853 3756 2040 3799 fastis:
2085 3757 2173 3799 “in
2216 3757 2302 3800 the
2341 3756 2535 3799 records
2575 3757 2676 3799 and

1676 3823 1851 3865 official
1881 3823 2039 3866 lists.”
2106 3826 2195 3868 See
2217 3824 2403 3868 Introd.
2430 3836 2477 3877 p.
2508 3825 2579 3868 16.
