2975 4367
534 300 603 380 3.ss
1445 299 1511 352 T.
1553 298 1738 352 L1V12
2424 301 2521 367 [ix.
2563 303 2627 355 13

435 494 500 537 14
533 481 634 543 fas
681 500 754 543 ac
800 479 995 541 fidem
1041 478 1297 559 decepti
1343 480 1691 542 venissent.
1783 479 1917 541 Nec
1962 478 2170 560 raptis
2214 486 2329 544 aut
2366 500 2513 563 spes
2548 482 2629 544 de

534 599 601 642 se
651 579 876 641 melior
923 584 1039 642 aut
1087 578 1449 658 indignatio
1497 586 1597 642 est
1646 580 1875 642 minor.
1963 580 2090 645 Sed
2138 580 2274 663 ipse
2309 581 2629 645 Romulus

414 719 423 724 -
496 698 500 702 ’
537 679 941 755 circumibat,
986 678 1395 760 docebatque
1436 685 1703 759 patrum
1745 679 1812 741 id
1855 681 2159 760 superbia
2199 681 2470 757 factum,
2516 682 2626 763 qui

537 779 888 842 conubium
923 778 1216 841 finitimis
1249 785 1619 858 negassent:
1654 779 1796 842 illas
1828 786 2056 843 tamen
2088 781 2156 842 in
2190 781 2627 858 matrimonio,

535 880 603 942 in
664 880 974 942 societate
1036 878 1449 941 fortunarum
1511 879 1805 941 omnium
1866 869 2284 961 civitatisque
2346 887 2433 957 et,
2499 901 2628 963 quo

439 995 501 1038 ιε
536 979 695 1042 nihil
746 980 955 1042 carius
1005 979 1293 1042 humano
1345 979 1561 1058 generi
1609 979 1715 1056 sit,
1769 979 2041 1041 liberum
2091 980 2254 1058 fore3
2305 981 2629 1045 mollirent

539 1078 732 1142 modo
761 1079 891 1142 iras
917 1086 1005 1156 et,
1036 1079 1273 1161 quibus
1300 1079 1432 1141 fors
1461 1098 1732 1159 corpora
1759 1079 2063 1156 dedisset,
2094 1079 2326 1143 darent
2356 1081 2626 1143 animos

539 1181 743 1260 Saepe
816 1200 899 1241 ex
971 1179 1205 1241 iniuria
1250 1179 1675 1259 postmodum
1750 1180 2027 1259 gratiam
2101 1186 2335 1257 ortam,
2415 1200 2625 1261 eoque

538 1279 910 1342 melioribus
955 1297 1185 1342 usuras
1234 1279 1407 1355 viriS,
1459 1278 1635 1360 quod
1684 1279 2028 1342 adnisurus
2073 1300 2191 1360 pro
2240 1300 2307 1342 se
2356 1281 2630 1362 quisque

538 1380 643 1456 sit,
692 1386 791 1456 ut,
843 1400 990 1441 cum
1038 1399 1226 1442 suam
1276 1379 1483 1441 vicem
1532 1379 1798 1441 functus
1843 1379 2054 1443 officio
2101 1380 2209 1457 sit,
2258 1381 2630 1460 parentium

441 1494 504 1538 ιο
537 1480 738 1542 etiam
765 1480 1144 1560 patriaeque
1185 1478 1446 1559 expleat
1488 1479 1898 1541 desiderium.
1996 1479 2413 1542 Accedebant
2450 1479 2631 1543 blan-

538 1579 738 1641 ditiae
813 1579 1097 1642 virorum
1172 1580 1421 1641 factum
1496 1579 1917 1658 purgantium
1993 1578 2353 1658 cupiditate
2429 1586 2631 1660 atque

540 1699 776 1755 amore,
844 1698 1010 1759 quae
1074 1679 1356 1741 maxime
1423 1678 1505 1741 ad
1571 1679 1880 1740 muliebre
1944 1679 2274 1758 ingenium
2342 1679 2633 1742 efficaces

538 1798 757 1858 preces
795 1785 968 1841 sunt.
1299 1793 1307 1800 ·
1415 1834 1421 1840 .

468 1889 501 1939 ἰ
663 1879 747 1941 Χ.
803 1880 945 1942 Iam
996 1879 1351 1942 admodum
1416 1878 1698 1958 mitigati
1763 1879 1963 1941 animi
2026 1879 2234 1960 raptis
2280 1885 2467 1943 erant
2478 1900 2495 1956 ς
2559 1885 2631 1943 at

539 1985 875 2058 raptarum
904 1986 1207 2059 parentes
1241 1986 1387 2041 tum
1415 1979 1699 2041 maxime
1726 1978 1987 2041 sordida
2014 1985 2196 2041 veste
2224 1979 2634 2060 lacrimisque

539 2084 606 2142 et
675 2078 972 2159 querellis
1040 2079 1340 2141 civitates
1409 2078 1849 2141 concitabant.
1942 2079 2074 2140 Nec
2136 2078 2314 2140 domi
2365 2083 2632 2141 tantum

540 2177 1017 2257 indignationes
1068 2178 1514 2254 continebant,
1566 2177 1679 2239 sed
1731 2178 2296 2257 congregabantur
2341 2178 2634 2259 undique

542 2278 625 2341 ad
665 2280 738 2340 T.
770 2278 1055 2354 Tatium,
1098 2298 1312 2358 regem
1355 2278 1766 2354 Sabinorum,
1808 2284 1878 2341 et
1920 2278 2274 2357 legationes
2313 2298 2411 2355 ec,
2456 2277 2633 2359 quod

541 2378 900 2440 maximum
945 2378 1118 2441 Tatii
1162 2398 1401 2441 nomen
1444 2378 1512 2440 in
1554 2378 1632 2439 iis
1674 2378 2043 2457 regionibus
2084 2384 2246 2456 erat,
2294 2378 2634 2441 convenie-

475 2497 509 2543 2
543 2478 723 2541 bant.
812 2478 1238 2542 Caeninenses
1277 2478 1806 2559 Crustuminique
1845 2484 1911 2540 et
1953 2480 2384 2541 Antemnates
2421 2484 2631 2554 erant,

543 2578 626 2641 ad
677 2597 840 2665 quos
888 2578 1026 2640 eius
1075 2578 1345 2641 iniuriae
1394 2597 1546 2658 pars
1595 2578 1985 2657 pertinebat.
2076 2580 2280 2641 Lente
2313 2598 2498 2658 agere
2535 2577 2637 2640 his

540 2678 770 2752 Tatius
807 2678 1158 2759 Sabinique
1194 2678 1316 2740 visi
1351 2684 1534 2755 sunt;
1569 2677 1693 2757 ipsi
1728 2677 1897 2740 inter
1931 2698 1998 2741 se
2032 2684 2166 2741 tres
2200 2678 2426 2759 populi
2461 2698 2637 2741 com-

474 2798 507 2843 s
542 2777 824 2840 muniter
878 2778 1118 2840 bellum
1173 2784 1429 2858 parant.
1522 2778 1619 2840 Ne
1658 2778 2057 2841 Crustumini
2112 2780 2378 2859 quidem
2433 2783 2636 2860 atque

542 2879 973 2942 Antemnates
1016 2899 1149 2959 -pro
1213 2879 1439 2941 ardore
1501 2877 1725 2958 iraque
1787 2878 2284 2942 Caeninensium
2346 2878 2507 2942 satis
2566 2896 2638 2940 se

604 3100 682 3142 14.
715 3098 915 3150 raptis:
938 3111 1017 3142 see
1040 3099 1229 3142 Introd.
1249 3102 1305 3144 V.
1327 3101 1425 3143 1.b.
1447 3101 1536 3150 (1).
1635 3096 1858 3142 tactum
1891 3128 1905 3141 .
1940 3128 1953 3141 .
1989 3129 2002 3141 .
2031 3106 2247 3142 amore:
2278 3098 2428 3141 “who
2457 3097 2638 3148 sought

541 3168 832 3217 Praetically
862 3184 904 3199 ===
930 3168 1177 3217 raptarum
1217 3168 1299 3216 (ct.
1349 3169 1420 3209 10.
1471 3168 1536 3217 1).
1637 3169 1689 3208 to
1723 3166 1920 3217 explain
1954 3166 2082 3208 their
2114 3169 2194 3208 act
2228 3175 2293 3207 on
2326 3164 2412 3207 the
2443 3164 2554 3217 plea
2586 3165 2641 3209 os

539 3234 602 3277 in
616 3234 882 3278 societate
902 3235 1059 3284 (tore):
1079 3234 1280 3277 “would
1295 3234 1438 3277 share
1451 3234 1538 3277 the
1636 3232 1917 3284 passionate
1981 3232 2144 3276 love.'’
2227 3240 2385 3290 ¹quae
2455 3261 2468 3274 .
2539 3261 2553 3274 .
2625 3261 2641 3276 .

541 3302 813 3352 possession
867 3302 969 3344 of.”
1055 3309 1167 3354 quo
1225 3330 1238 3344 .
1297 3330 1312 3344 .
1370 3330 1384 3343 .
1438 3300 1537 3344 sit:
1635 3307 1847 3350 preces:
1877 3318 1919 3333 ==
1947 3310 2116 3350 preces,
2164 3309 2297 3351 quae.
2377 3299 2455 3341 An
2499 3301 2643 3343 ante-

539 3369 909 3421 parenthetical.
963 3369 1291 3420 anticipating
1329 3369 1538 3411 liberum
1636 3365 1811 3410 cedent
1853 3366 2088 3418 referring
2128 3367 2179 3409 in
2221 3377 2251 3409 a
2294 3365 2486 3416 general
2527 3376 2642 3419 way

545 3436 616 3486 (=
644 3436 931 3486 liberorum).
1637 3435 1690 3476 to
1736 3433 1870 3477 what
1916 3434 2145 3487 precedes
2190 3433 2231 3477 is
2276 3432 2520 3485 regularly
2565 3432 2645 3476 in-

605 3503 683 3546 1⁶.
759 3502 1150 3554 postmodum:
1235 3520 1278 3537 =
1363 3503 1538 3554 postea.
1637 3499 1811 3543 cluded
1841 3501 1892 3543 in
1919 3500 2005 3543 the
2030 3501 2115 3544 rel.
2144 3500 2322 3543 clause.

540 3576 715 3622 eoque
745 3597 758 3611 .
791 3597 804 3610 .
835 3598 848 3611 .
875 3568 1032 3613 viris:
1061 3569 1222 3621 “they
1246 3568 1408 3612 would
1435 3568 1538 3612 find
1701 3567 1766 3610 X.
1803 3568 1851 3610 1.
1884 3567 2129 3611 sordida:
2150 3577 2181 3609 a
2201 3568 2307 3617 sign
2326 3567 2378 3608 ot
2398 3566 2519 3616 grief
2537 3565 2640 3609 and

539 3635 668 3680 their
727 3636 981 3679 husbands
1042 3636 1105 3679 all
1168 3636 1253 3680 the
1313 3635 1540 3680 kinder.”
1638 3635 1853 3678 distress.
1884 3653 1887 3654 ⁷
1921 3634 2367 3685 indignationes:
2404 3633 2643 3685 “expres-

538 3710 706 3747 suam
757 3703 964 3747 vicem:
1017 3703 1121 3745 “on
1172 3703 1248 3745 his
1299 3713 1409 3745 own
1461 3713 1542 3745 ac·
1638 3703 1768 3745 sions
1826 3702 1879 3744 ot
1937 3700 2298 3752 indignation.”
2389 3706 2477 3743 eo:
2506 3717 2550 3732 =
2577 3701 2645 3743 ad

539 3770 745 3819 count;”
770 3769 886 3813 adv.
911 3781 1013 3815 acc.
1637 3781 1759 3813 eum.

604 3837 684 3880 ιο.
718 3836 1094 3883 Accedebant:
1160 3836 1392 3881 “besides
1444 3836 1540 3888 (his
1701 3839 1750 3881 3.
1785 3837 2181 3882 Antemnates:
2202 3836 2304 3887 just
2320 3845 2375 3878 as
2390 3833 2645 3887 emphatic

540 3902 672 3957 plea)
720 3904 858 3948 there
902 3904 1077 3948 were.'’
1155 3904 1244 3948 See
1288 3914 1353 3948 on
1397 3905 1444 3948 6.
1493 3906 1538 3948 3.
1639 3915 1693 3947 as
1730 3905 2045 3954 Crustumini.
2082 3904 2174 3948 but
2209 3913 2268 3947 ne
2304 3934 2317 3948 .
2354 3933 2368 3947 .
2404 3933 2417 3947 .
2452 3899 2644 3955 quidem
