2975 4367
431 261 531 315 152
1341 260 1407 315 T.
1443 259 1605 315 LIVI
2357 260 2454 325 [xi.
2491 263 2525 316 7

427 462 657 522 pacem
708 440 973 504 inritam
1025 440 1258 504 facitis.
1358 442 1445 503 Et
1480 461 1736 521 semper
1780 441 2066 521 aliquam
2119 441 2334 504 fraudi
2382 462 2526 523 spe-

363 554 395 597 8
429 542 591 611 ciem
635 541 816 604 iuris
885 541 1237 621 imponitis.
1331 540 1479 602 Non
1548 541 1786 621 probat
1854 541 2134 621 populus
2186 543 2524 606 Romanus

429 641 858 720 ignominiosa
885 661 1045 721 pace
1086 641 1364 720 legiones
1403 644 1736 704 servatas?
1819 640 2056 704 Pacem
2095 641 2220 704 sibi
2260 642 2520 718 habeat,

430 740 709 820 legiones
742 748 970 821 captas
1004 741 1237 803 victori
1270 741 1604 817 restituat;
1640 743 1760 804 hoc
1795 741 1942 817 fide,
1979 742 2100 803 hoc
2134 741 2520 818 foederibuS,

364 855 395 897 9
429 842 549 905 hoc
597 841 928 904 fetialibus
973 840 1381 935 caerimoniis
1422 841 1694 920 dignum
1738 847 1899 904 erat.
1991 841 2086 904 Ut
2114 838 2379 921 quidem
2425 847 2521 917 tu,

430 941 604 1022 quod
643 941 869 1022 petisti
906 962 1020 1021 per
1056 941 1449 1021 pactionem,
1491 941 1752 1018 habeas,
1787 931 1897 1003 ⁴tot
1935 941 2108 1004 cives
2144 941 2519 1017 incolumes,

428 1062 546 1120 ego
591 1063 841 1122 pacem,
889 1061 1090 1123 quam
1135 1043 1252 1104 hos
1295 1041 1419 1104 tibi
1462 1040 1858 1104 remittendo
1902 1047 2136 1121 pactus
2180 1062 2346 1117 sum,
2394 1062 2524 1103 non

430 1142 728 1219 habeam,
768 1144 889 1205 hoc
924 1147 1021 1219 tu,
1061 1142 1136 1203 A.
1175 1141 1448 1218 Corneli,
1487 1143 1608 1204 hoc
1646 1162 1781 1225 vos,
1819 1141 2091 1217 fetialeS,
2129 1141 2284 1204 iuris
2318 1141 2525 1220 genti-

334 1257 394 1298 ιο
430 1243 551 1305 bus
606 1241 859 1305 dicitis?
958 1243 1096 1321 Ego
1154 1262 1307 1305 vero
1363 1242 1543 1319 istoS‚
1604 1262 1766 1322 quos
1822 1241 1972 1303 dedi
2027 1241 2368 1317 simulatiS‚
2408 1262 2524 1304 nec

430 1342 676 1422 accipio
716 1363 832 1405 nec
872 1342 1023 1404 dedi
1064 1342 1343 1405 arbitror
1404 1362 1521 1405 nec
1563 1362 1796 1418 moror,
1840 1362 1970 1422 quo
2011 1342 2224 1404 minus
2262 1341 2331 1403 in
2371 1341 2525 1403 civi-

429 1448 638 1505 tatem
710 1442 1067 1521 obligatam
1137 1442 1482 1522 sponsione
1555 1442 1900 1505 commissa
1968 1442 2151 1505 iratis
2221 1441 2525 1504 omnibus

333 1556 389 1598 11
427 1542 568 1619 diis,
626 1562 905 1622 quorum
957 1542 1245 1605 eluditur
1296 1562 1559 1619 numen,
1616 1542 1903 1605 redeant.
2003 1541 2221 1605 Gerite
2259 1541 2520 1617 bellum,

428 1642 691 1722 quando
760 1644 867 1722 Sp.
940 1642 1315 1705 Postumius
1383 1642 1578 1705 modo
1647 1642 1933 1721 legatum
2000 1641 2287 1704 fetialem
2353 1661 2522 1720 genu

426 1742 719 1821 perculit.
816 1742 925 1805 Ita
961 1742 1051 1804 dii
1101 1742 1365 1805 credent
1416 1742 1777 1806 Samnitem
1829 1742 2037 1805 civem
2087 1741 2519 1817 Postumium,

426 1863 558 1904 non
593 1843 801 1905 civem
840 1844 1215 1905 Romanum
1250 1863 1408 1919 esse,
1445 1851 1515 1906 et
1552 1865 1591 1906 a
1626 1843 1918 1906 Samnite
1954 1842 2242 1921 legatum
2280 1843 2522 1904 Roma-

426 1961 584 2003 num
612 1942 959 2020 violatum3
985 1964 1062 2006 eo
1090 1943 1278 2006 vobis
1302 1943 1550 2006 iustum
1578 1943 1646 2004 in
1672 1964 1789 2006 nos
1816 1942 2065 2005 factum
2092 1962 2229 2005 esse
2255 1942 2515 2004 bellum.

328 2055 390 2097 12
425 2041 606 2104 Haec
644 2042 924 2105 ludibria
968 2043 1349 2122 religionum
1395 2064 1529 2105 non
1573 2043 1815 2123 pudere
1860 2043 1928 2104 in
1973 2043 2183 2105 lucem
2211 2042 2515 2122 proferre,

422 2148 489 2204 et
529 2142 644 2203 vix
682 2143 898 2222 pueris
937 2143 1166 2221 dignas
1207 2144 1513 2222 ambages
1551 2163 1735 2206 senes
1776 2164 1849 2206 ac
1890 2143 2255 2205 consulares
2295 2142 2519 2205 fallen-

327 2255 386 2296 13
421 2240 543 2304 dae
605 2242 755 2305 fidei
815 2243 1176 2323 exquirere!
1282 2241 1335 2317 I,
1383 2243 1590 2319 lictor,
1653 2243 1840 2306 deme
1901 2243 2116 2306 vincla
2175 2242 2516 2319 Romanis;

421 2348 714 2405 moratus
751 2343 836 2405 sit
874 2363 1084 2419 nem0,
1126 2364 1256 2423 quo
1295 2343 1529 2419 minuS,
1570 2343 1683 2406 ubi
1722 2344 1934 2406 visum
1972 2343 2186 2419 fuerit,
2228 2341 2512 2405 abeant.'

421 2442 509 2504 Et
566 2442 656 2503 illi
714 2443 999 2523 quidem,
1044 2443 1318 2506 forsitan
1374 2444 1442 2506 et
1500 2443 1781 2523 publica,
1833 2464 1953 2507 sua
2010 2450 2182 2506 certe
2239 2443 2516 2505 liberata

417 2541 563 2618 fide,
623 2542 707 2605 ab
761 2542 1006 2605 Caudio
1061 2543 1129 2604 in
1182 2550 1398 2606 castra
1453 2543 1756 2606 Romana
1807 2543 2105 2606 inviolati
2158 2543 2508 2605 redierunt.

356 2656 376 2697 1
416 2641 576 2703 XII.
625 2643 1029 2705 Samnitibus
1090 2663 1207 2722 pro
1268 2643 1551 2723 superba
1609 2664 1777 2724 pace.
1828 2644 2320 2706 infestissimum
2382 2663 2513 2706 cer-

415 2742 723 2805 nentibus
758 2750 1060 2805 renatum
1099 2743 1340 2805 bellum
1377 2744 1616 2820 omnia,
1657 2764 1825 2824 quae
1861 2744 2094 2806 deinde
2129 2749 2507 2818 evenerunt,

349 2856 380 2897 2
414 2863 545 2905 non
592 2842 661 2904 in
710 2843 941 2906 animis
988 2842 1220 2918 solum,
1270 2842 1382 2905 sed
1431 2863 1633 2923 prope
1682 2844 1749 2906 in
1796 2843 1998 2906 oculis
2044 2863 2201 2918 esse,
2251 2850 2319 2906 et
2366 2863 2508 2905 sero

1575 3046 1655 3089 18.
1688 3036 1951 3089 forsitan:
2005 3046 2091 3089 the
2142 3045 2299 3089 doubt
2351 3045 2512 3089 which

1512 3112 1611 3155 this
1641 3116 1916 3164 represents
1947 3113 1998 3155 in
2032 3113 2199 3164 Livy’s
2231 3123 2340 3155 own
2372 3113 2510 3156 mind

1512 3181 1600 3222 has
1631 3181 1809 3223 caused
1842 3181 1945 3242 him
1978 3183 2031 3223 to
2063 3181 2218 3223 frame
2249 3181 2349 3224 this
2379 3185 2511 3224 tren-

1510 3249 1661 3292 chant
1687 3249 1863 3300 speech
1888 3249 1964 3291 for
1989 3248 2223 3293 PontiuS..

1575 3313 1694 3357 XII.
1731 3314 1780 3356 1.
1815 3313 2023 3365 omma,
2060 3321 2206 3365 quae
2240 3343 2255 3358 .
2291 3344 2306 3359 .
2343 3344 2358 3358 .
2389 3322 2512 3358 eve-

1511 3382 1745 3425 nerunt:
1837 3382 1942 3424 “all
2031 3382 2119 3424 the
2208 3382 2509 3433 subsequent

1510 3450 1741 3501 events;”
1774 3449 1903 3500 subj.
1926 3449 1978 3492 of
2010 3450 2096 3492 the
2126 3449 2242 3493 hist.
2275 3450 2362 3493 inf.
2394 3460 2507 3494 csse.

474 3044 633 3091 §.Ut
680 3075 692 3088 .
739 3075 752 3088 .
799 3044 1079 3097 .hab0as,
1129 3076 1143 3090 .
1189 3076 1203 3089 .
1249 3054 1414 3089 ,που

412 3112 677 3156 habeam:
715 3112 871 3155 subst.
910 3113 1097 3157 clauses
1132 3114 1184 3156 in
1220 3114 1415 3166 apposi-

412 3181 518 3223 tion
546 3180 668 3222 with
697 3180 781 3222 hoc
806 3181 933 3223 iuris
961 3181 1132 3225 below.

475 3248 555 3290 10.
591 3247 925 3299 obligatam:
954 3248 1161 3291 Pontius
1187 3249 1305 3292 thus
1331 3249 1414 3291 de-

411 3316 563 3358 clares
602 3315 689 3358 the
726 3320 878 3358 terms
915 3316 967 3357 ot
1005 3316 1090 3359 the
1129 3318 1324 3368 sponsio
1360 3318 1412 3359 in

410 3383 667 3435 operation
709 3382 807 3424 and
849 3386 1123 3433 represents
1165 3383 1252 3426 the
1292 3384 1412 3434 gods

410 3461 465 3492 as
490 3450 700 3500 angered
727 3450 796 3501 by
822 3449 908 3493 the
934 3450 1130 3492 Roman
1155 3450 1334 3493 breach
1360 3453 1413 3494 ot

410 3518 552 3560 saith.

420 3596 427 3603 ·
473 3585 553 3627 11.
587 3584 675 3629 Ita
710 3613 724 3626 .
759 3613 773 3626 .
808 3613 822 3626 .
854 3584 1105 3628 credent:
1135 3584 1354 3629 lronical.

473 3653 552 3694 12.
587 3653 819 3702 pudere:
867 3662 933 3695 sc.
983 3662 1083 3694 acc.
1132 3662 1226 3694 vos.
1309 3652 1412 3696 The

408 3719 736 3761 exclamation
786 3729 1036 3770 expresses
1083 3719 1409 3770 indignation.

409 3787 481 3830 Cf.
511 3797 644 3830 mene
671 3786 899 3834 desistere.
934 3787 1040 3829 Aen
1072 3789 1111 3831 1.
1144 3787 1220 3831 3⁷.
1293 3794 1412 3830 am·

409 3854 601 3905 bages:
633 3853 951 3896 “evasions.''

1572 3519 1621 3559 2.
1657 3518 1866 3560 media:
1910 3516 2031 3559 with
2074 3527 2205 3567 quae.
2255 3518 2509 3572 “midway

1508 3584 1731 3628 between
1755 3585 1965 3629 which.”
2025 3585 2096 3627 Cf.
2126 3587 2169 3628 2.
2198 3586 2243 3629 7.
2302 3595 2511 3637 posset-

1507 3652 1727 3695 sionom
1758 3681 1772 3694 .
1804 3681 1818 3694 .
1850 3681 1864 3694 .
1893 3652 2169 3696 mutasse:
2195 3656 2428 3706 contrary
2454 3657 2509 3697 to

1508 3719 1621 3769 this,
1654 3720 1788 3762 what
1818 3729 1913 3762 one
1941 3719 2216 3771 exchanges
2243 3721 2286 3764 is
2314 3721 2509 3774 usually

1508 3788 1594 3831 the
1624 3797 1794 3830 means
1831 3787 1971 3838 (abl.)
2004 3787 2072 3839 by
2102 3788 2262 3831 which
2293 3789 2379 3832 the
2408 3799 2510 3832 sec·

1507 3854 1606 3898 ond
1639 3854 1804 3905 object
1837 3856 1878 3898 is
1910 3855 2162 3899 obtained.
