2975 4367
336 349 449 406 xlv.
488 351 542 417 4]

1188 352 1425 404 LIBER
1463 351 1557 405 III
2358 352 2430 404 99

336 534 595 612 petitor,
655 533 897 613 quippe
954 533 1127 612 apud
1184 533 1398 613 ipsum
1455 539 1787 595 auctorem
1846 532 2229 611 argumenti,
2288 553 2431 612 per-

339 633 496 711 agit:
535 632 818 711 puellam
853 631 1033 694 domi
1067 653 1223 695 suae
1260 639 1488 695 natam
1525 633 1833 713 furtoque
1869 631 2018 695 inde
2054 633 2122 694 in
2157 632 2429 695 domum

243 746 300 787 10
336 733 596 811 Vergini
631 732 1021 794 translatam
1057 733 1465 811 suppositam
1503 733 1562 795 ei
1597 752 1733 795 esse
1744 752 1761 808 ς
1798 731 1863 792 id
1887 752 1954 794 se
1981 732 2218 795 indicio
2255 753 2431 796 com-

336 839 595 912 pertum
637 831 887 895 adferre
926 832 1488 913 probaturumque
1530 830 1632 894 vel
1671 831 1812 912 ipso
1852 832 2154 911 Verginio
2193 833 2425 910 iudice,

338 932 419 996 ad
483 952 679 1013 quem
742 932 948 994 maior
1009 953 1161 1012 pars
1221 932 1493 995 iniuriae
1553 932 1692 995 eius
1753 932 2104 1012 pertineat;
2166 932 2429 995 interim

243 1046 297 1087 11
333 1032 672 1095 dominum
704 1031 889 1112 sequi
921 1031 1221 1095 ancillam
1256 1053 1539 1112 aequum
1561 1053 1717 1096 esse.

1808 1032 2132 1095 Advocati
2155 1032 2426 1113 puellae,

338 1154 486 1196 cum
517 1132 894 1211 Verginium
925 1131 1016 1195 rei
1047 1132 1344 1212 publicae
1376 1153 1574 1195 causa
1603 1132 1919 1195 dixissent
1952 1131 2192 1208 abesse,
2228 1133 2429 1195 biduo

243 1247 302 1287 12
337 1233 740 1310 adfuturum,
785 1232 841 1296 si
884 1232 1266 1295 nuntiatum
1310 1232 1370 1296 ei
1411 1233 1520 1309 sit,
1567 1232 1863 1313 iniquum
1908 1252 2045 1295 esse
2091 1233 2430 1296 absentem

336 1333 418 1397 de
455 1332 669 1401 liberis
705 1332 1033 1410 dimicare,
1074 1331 1433 1412 postulant,
1474 1338 1551 1395 ut
1588 1352 1723 1395 rem
1761 1333 2081 1411 integram
2119 1333 2186 1395 in
2223 1333 2431 1412 patris

339 1434 700 1496 adventum
736 1432 1017 1510 differat,
1055 1433 1193 1512 Iege
1231 1432 1366 1496 ab
1352 1454 1493 1512 ipso
1531 1431 1669 1495 lata
1703 1432 2019 1496 vindicias
2054 1432 2168 1495 det
2203 1452 2432 1496 secun-

336 1533 497 1596 dum
545 1531 936 1609 libertatem‚
988 1553 1116 1596 neu
1163 1533 1457 1612 patiatur
1507 1533 1820 1612 virginem
1872 1531 2167 1595 adultam
2215 1533 2432 1596 famae

338 1634 516 1715 prius
550 1654 751 1713 quam
785 1632 1106 1696 libertatis
1139 1632 1497 1712 periculum
1534 1632 1728 1696 adire.

463 1733 666 1795 XLV.
703 1730 954 1812 Appius
973 1732 1233 1796 decreto
1253 1732 1615 1812 praefatur:
1640 1753 1838 1812 quam
1862 1732 2149 1795 libertati
2171 1733 2429 1811 faverit,

338 1853 483 1897 eam
517 1832 728 1913 ipsam
764 1831 969 1912 legem
1004 1831 1353 1909 declarare,
1383 1852 1585 1912 quam
1612 1831 1874 1911 Vergini
1915 1831 2106 1895 amici
2140 1832 2435 1915 postula-

275 1948 305 1988 2
339 1933 504 1996 tioni
530 1952 686 1996 suae
712 1932 1180 2012 praetendant3
1217 1938 1506 1995 ceterum
1534 1931 1630 1994 ita
1656 1931 1724 1994 in
1749 1953 1828 1995 ea
1855 1934 2115 1995 firmum
2143 1931 2431 1996 libertati

339 2033 477 2097 fore
531 2032 946 2112 praesidium,
1002 2032 1058 2096 si
1113 2052 1230 2095 nec
1288 2033 1500 2095 causis
1554 2053 1673 2095 nec
1728 2032 2016 2111 personis
2073 2034 2281 2095 variet
2292 2052 2308 2109 ;
2364 2033 2434 2097 in

340 2134 416 2196 iis
462 2133 657 2208 enim,
696 2132 808 2212 qui
853 2133 1241 2196 adserantur
1285 2133 1355 2195 in
1403 2131 1795 2207 libertatem,
1835 2132 1991 2212 quia
2032 2132 2247 2212 quivis
2294 2130 2432 2212 lege

341 2253 529 2313 agere
576 2232 802 2314 possit,
852 2231 919 2294 id
968 2232 1124 2296 iuris
1171 2253 1307 2297 esse
1318 2253 1335 2310 ;
1384 2232 1452 2295 in
1499 2253 1597 2309 ea,
1649 2253 1816 2314 quae
1863 2232 1932 2295 in
1979 2232 2184 2312 patris
2233 2252 2435 2295 manu

340 2333 447 2409 sit,
488 2333 814 2395 neminem
851 2351 989 2396 esse
1031 2332 1250 2409 alium,
1292 2333 1396 2396 cui
1434 2332 1739 2396 dominus
1776 2333 2175 2413 possessione
2214 2332 2406 2395 cedat
2416 2352 2434 2408 3

341 2431 592 2512 placere
625 2433 849 2513 itaque
882 2437 1138 2512 patrem
1172 2432 1481 2509 arcessiri,
1518 2433 1766 2495 interea
1797 2431 1951 2494 iuris
1981 2432 2081 2495 sui
2113 2432 2435 2494 iacturam

342 2532 741 2595 adsertorem
773 2553 906 2595 non
939 2532 1168 2608 facere,
1205 2532 1363 2612 quin
1395 2532 1596 2595 ducat
1630 2530 2435 2612 puellam‘sistendamque

340 2631 410 2694 in
447 2632 808 2695 adventum
843 2632 1002 2709 eius,
1042 2632 1155 2713 qui
1190 2638 1381 2712 pater
1414 2631 1693 2707 dicatur,
1732 2632 2097 2711 promittat.

468 2732 797 2795 Adversus
825 2731 1128 2795 iniuriam
1157 2731 1400 2794 decreti
1429 2752 1580 2795 cum
1611 2731 1801 2794 multi
1831 2731 2035 2812 magis
2064 2733 2434 2808 fremerent,

342 2852 543 2913 quam
591 2832 937 2912 quisquam
986 2853 1154 2894 unus
1200 2851 1495 2895 recusare
1544 2831 1832 2906 auderet,
1884 2832 1954 2893 P.
2008 2832 2434 2907 NumitoriuS,

402 3002 484 3047 10.
518 2998 844 3044 dominum:
906 2999 1158 3052 emphatic
1209 2999 1338 3053 posi-

340 3070 463 3118 tion,
497 3069 749 3118 assuming
780 3072 880 3118 too,
927 3078 982 3110 as
1024 3068 1142 3111 does
1188 3068 1339 3111 ancil-

338 3138 452 3186 lam.
482 3135 569 3179 the
594 3137 736 3187 point
763 3136 815 3178 in
842 3136 988 3179 issue.

405 3205 486 3247 11.
519 3203 814 3248 Advocati:
851 3203 937 3248 the
957 3203 1060 3246 noti
1093 3202 1193 3246 and
1228 3213 1342 3246 auc-

338 3274 459 3316 tores
484 3271 643 3314 above
674 3272 742 3320 (7;
767 3271 837 3321 9).

404 3339 559 3383 XLV.
594 3339 642 3381 1.
676 3338 986 3390 praetatus-2
1032 3339 1228 3382 “states
1271 3339 1342 3391 by

339 3419 453 3459 way
486 3407 539 3449 ot
572 3407 816 3458 prefaee.”
884 3406 976 3449 His
1009 3406 1224 3450 decision
1257 3407 1342 3450 be-

342 3477 449 3526 gins
480 3474 602 3517 with
635 3474 815 3525 placere
852 3475 941 3525 (3).
1008 3472 1185 3526 quam
1221 3505 1235 3519 .
1274 3504 1288 3518 .
1327 3504 1342 3519 .

341 3543 570 3587 faverit:
591 3543 735 3586 indir.
759 3547 919 3592 quest.
943 3544 1070 3586 after
1091 3544 1340 3586 declarare.

342 3611 740 3663 praetendant:
768 3612 904 3655 “cite
928 3613 981 3655 in
1006 3616 1211 3664 support
1238 3611 1340 3653 of.'’

403 3683 452 3725 2.
489 3679 693 3723 variet:
732 3690 798 3723 sc.
824 3680 897 3722 lea:
922 3682 1047 3723 from
1073 3680 1129 3723 in
1154 3691 1223 3723 ea.
1282 3679 1341 3723 m

342 3748 479 3790 iuri·
505 3755 646 3790 0880:
684 3748 760 3791 i.e.
800 3748 886 3791 the
923 3748 1264 3800 presumption
1290 3748 1343 3790 of

344 3815 561 3857 freedom
575 3814 743 3857 before
758 3815 844 3858 the
861 3814 1090 3857 decision.
1154 3814 1342 3866 Appius

345 3882 512 3925 makes
545 3881 632 3924 the
665 3892 775 3924 case
808 3884 923 3926 turn
957 3892 1090 3933 upon
1124 3881 1344 3924 whether

346 3948 431 3993 the
458 3948 651 4001 subject
682 3947 772 3994 has
799 3948 1025 3995 attained
1052 3947 1178 4000 legal
1207 3947 1343 3992 inde·

1434 2998 1700 3052 pendence.
1770 2999 1864 3043 For
1891 3009 2091 3053 persons
2121 2998 2237 3043 thus
2263 3001 2321 3045 in
2349 3011 2441 3043 sua

1437 3070 1655 3118 potestate
1679 3080 1778 3119 any
1803 3079 1896 3110 one
1920 3068 2064 3111 could
2089 3068 2232 3119 plead
2264 3068 2441 3119 (quivis

1436 3135 1532 3186 leae
1550 3145 1684 3186 avere
1703 3135 1892 3186 possit).
1947 3137 1991 3177 A
2011 3136 2207 3178 maiden
2227 3147 2328 3178 was
2349 3141 2439 3181 not

1437 3203 1494 3245 in
1520 3212 1611 3244 sua
1637 3203 1872 3253 potestate,
1900 3203 1993 3245 but
2020 3203 2076 3245 in
2103 3203 2264 3254 patria
2290 3205 2441 3254 potes-

1437 3272 1543 3314 tate.
1603 3270 1663 3319 If,
1691 3270 1946 3319 therefore,
1974 3270 2061 3313 she
2083 3281 2208 3314 were
2230 3270 2438 3316 claimed

1440 3339 1509 3390 by
1528 3349 1593 3380 an
1613 3337 1798 3388 alleged
1817 3338 2042 3380 dominus
2059 3338 2111 3380 in
2130 3337 2217 3380 her
2236 3338 2442 3382 father’s

1440 3407 1661 3455 absence,
1706 3415 1770 3446 no
1810 3415 1903 3447 one
1943 3404 2087 3447 could
2126 3402 2304 3458 legally
2343 3407 2442 3449 dis-

1440 3477 1561 3526 pute
1583 3473 1669 3515 the
1689 3473 1967 3515 claimant's
1988 3473 2261 3525 possession
2283 3475 2334 3516 of
2355 3475 2443 3517 her

1441 3542 1568 3585 until
1593 3542 1678 3584 her
1703 3542 1866 3584 rather
1890 3541 1975 3584 did
1999 3542 2039 3584 it
2065 3552 2130 3584 on
2154 3542 2230 3584 his
2253 3546 2440 3586 return.

1440 3611 1544 3653 The
1582 3621 1793 3663 purpose
1829 3612 1881 3653 of
1918 3611 2018 3653 this
2055 3612 2305 3663 sophistry
2343 3611 2441 3654 and

1439 3680 1505 3722 its
1527 3679 1710 3729 danger
1731 3689 1785 3720 as
1806 3689 1836 3720 a
1857 3678 2119 3730 precedent
2142 3690 2225 3721 are
2245 3679 2443 3731 equally

1440 3747 1663 3789 obvious.

1504 3816 1553 3856 3.
1588 3813 1861 3857 arcessiri:
1904 3813 2098 3856 archaic
2138 3815 2214 3856 for
2252 3814 2442 3857 arcessi.

1441 3881 1772 3925 sistendam:
1839 3881 2007 3923 rather
2070 3881 2313 3923 awkward
2368 3882 2445 3923 for

1442 3948 1670 3990 cistarum
1700 3958 1806 3997 esse,
1842 3946 2002 3990 which
2031 3948 2072 3992 is
2103 3958 2133 3992 a
2161 3958 2268 3992 rare
2299 3948 2442 3993 form.
