2975 4367
341 1165 401 1208 10

340 1567 398 1609 11

342 1768 402 1810 12

343 2068 401 2110 13

341 2468 401 2510 14

342 2569 400 2611 15

435 270 537 325 140
1340 267 1405 325 Τ.
1441 266 1600 324 LIVI

2382 263 2461 333 [ii.
2499 270 2533 326 8

436 457 551 514 aut
614 450 865 527 eadem,
932 470 1064 531 qua
1126 457 1192 513 te
1255 450 1707 524 insinuaveriS,
1772 456 1945 513 retro
2010 449 2119 514 via
2179 451 2534 530 repetenda

436 556 573 627 aut,
609 550 664 613 si
696 550 788 613 ire
821 570 1012 629 porro
1045 570 1295 629 pergaS,
1331 569 1446 630 per
1479 549 1679 612 alium
1712 549 1956 612 saltum
1992 551 2296 613 artiorem
2331 552 2532 630 impe-

435 651 870 731 ditioremque
898 649 1329 712 evadendum.
1423 650 1503 711 In
1547 669 1697 712 eum
1743 669 2049 728 campum
2095 651 2204 712 via
2249 650 2375 713 alia
2417 671 2532 729 per

437 770 670 814 cavam
730 769 958 829 rupem
1020 749 1305 811 Romani
1363 748 1643 812 demisso
1705 749 1958 828 agmine
2019 769 2168 812 cum
2229 751 2311 813 ad
2373 749 2531 813 alias

438 851 771 929 angustias
825 850 1123 928 protinus
1178 854 1537 927 pergerent,
1593 854 1855 927 saeptas
1915 848 2172 912 deiectu
2229 850 2531 912 arborum

435 969 874 1031 saxorumque
993 949 1353 1026 ingentium
1468 948 1809 1011 obiacente
1925 948 2093 1011 mole
2208 950 2528 1012 invenere.

437 1052 601 1113 Cum
674 1050 851 1112 fraus
922 1048 1172 1112 hostilis
1244 1048 1670 1127 apparuisset,
1732 1048 2126 1128 praesidium
2196 1050 2395 1112 etiam
2465 1050 2533 1111 in

435 1170 693 1214 summo
749 1149 923 1213 saltu
981 1148 1391 1228 conspicitur.
1482 1148 1683 1211 Citati
1739 1148 1891 1211 inde
1946 1155 2139 1225 retr0,
2191 1170 2323 1230 qua
2378 1169 2533 1212 ven-

437 1256 643 1326 erant,
713 1255 992 1330 pergunt
1057 1254 1345 1328 repetere
1412 1248 1607 1311 viam.
1699 1249 1864 1311 Eam
1931 1268 2192 1330 quoque
2247 1249 2531 1312 clausam

436 1371 557 1414 sua
624 1350 807 1413 obice
878 1349 1201 1429 armisque
1256 1348 1621 1412 inveniunt.
1713 1349 1968 1412 Sistunt
2037 1349 2188 1411 inde
2258 1349 2530 1428 gradum

436 1451 575 1514 sine
618 1449 810 1513 ullius
854 1450 1145 1529 imperi0,
1191 1456 1553 1530 stuporque
1595 1449 1889 1511 omnium
1935 1449 2187 1512 animos
2233 1470 2306 1512 ac
2353 1448 2534 1512 velut

437 1558 662 1630 torpor
731 1549 999 1631 quidam
1068 1549 1367 1613 insolitus
1436 1548 1732 1611 membra
1800 1554 2003 1626 tenet,
2074 1549 2534 1629 intuentesque

438 1650 546 1714 alii
588 1650 765 1726 alios,
809 1670 958 1713 cum
1000 1649 1277 1713 alterurn
1320 1649 1594 1730 quisque
1636 1656 2007 1729 compotem
2049 1650 2253 1728 magis
2295 1649 2534 1712 mentis

438 1772 513 1814 ac
566 1750 812 1813 consilii
863 1750 1195 1826 ducerent,
1251 1749 1365 1811 diu
1416 1737 1781 1812 immobiles
1832 1749 2044 1813 silent.
2135 1749 2386 1812 Deinde
2419 1748 2534 1811 ubi

437 1851 764 1930 praetoria
824 1849 1163 1913 consulum
1223 1849 1379 1928 erigi
1440 1849 1660 1912 videre
1719 1855 1788 1912 et
1848 1839 2152 1929 expedire
2213 1848 2533 1928 quosdam

438 1949 625 2014 utilia
686 1951 884 2029 operi,
950 1969 1354 2031 quamquam
1418 1948 1698 2012 ludibrio
1760 1949 1898 2012 fore
1961 1950 2328 2013 munientes
2391 1969 2534 2028 per-

437 2050 591 2113 ditis
637 2049 829 2113 rebus
875 2070 948 2113 ac
994 2070 1109 2130 spe
1153 2048 1332 2112 omni
1379 2048 1693 2128 adempta
1736 2048 2111 2126 cernebant,
2161 2055 2405 2125 tamen,
2453 2068 2536 2111 ne

438 2149 699 2230 culpam
760 2148 946 2213 malis
1008 2150 1344 2225 adderent,
1406 2170 1524 2230 pro
1584 2169 1653 2212 se
1713 2149 1989 2231 quisque
2048 2170 2165 2212 nec
2227 2151 2536 2212 hortante

437 2249 567 2316 ullo
615 2270 730 2313 nec
776 2250 1140 2330 imperante
1187 2249 1270 2313 ad
1319 2248 1748 2311 muniendum
1796 2249 1963 2311 versi
2009 2256 2224 2313 castra
2267 2255 2536 2330 propter

439 2370 680 2431 aquam
746 2348 917 2412 vallo
984 2349 1412 2424 circumdant,
1480 2369 1602 2412 sua
1664 2348 1788 2429 ipsi
1851 2370 2051 2429 opera
2115 2349 2535 2430 laboremque

435 2450 728 2526 inritum,
772 2448 1232 2531 praeterquam
1278 2447 1453 2529 quod
1499 2449 1719 2512 hostes
1762 2448 2038 2529 superbe
2082 2448 2532 2529 increpabant,

435 2570 584 2612 cum
680 2548 1026 2613 miserabili
1121 2548 1522 2612 confessione
1614 2548 1971 2613 eludentes.
2063 2549 2165 2612 Ad
2238 2547 2533 2611 consules

437 2656 739 2726 maestos,
800 2669 882 2712 ne
940 2649 1337 2712 advocantes
1397 2648 1662 2729 quidem
1720 2649 1790 2711 in
1846 2648 2206 2725 consilium,
2269 2648 2534 2730 quando

437 2770 552 2813 nec
609 2749 872 2813 consilio
927 2769 1043 2812 nec
1101 2748 1341 2812 auxilio
1397 2748 1575 2811 locus
1628 2756 1817 2826 esset,
1873 2770 1993 2813 sua
2045 2756 2296 2829 sponte·
2333 2748 2530 2828 legati

437 2871 510 2913 ac
567 2849 813 2913 tribuni
867 2849 1286 2924 conveniunt,
1347 2847 1714 2929 militesque
1770 2849 1852 2912 ad
1909 2850 2308 2929 praetorium
2365 2848 2535 2911 versi

436 2969 648 3029 opem,
682 2969 882 3031 quam
927 2949 1041 3010 vix
1083 2948 1172 3011 dii
1216 2947 1619 3013 immortales
1662 2949 1825 3013 ferre
1868 2956 2197 3029 poterant,
2228 2948 2311 3012 ab
2354 2948 2536 3012 duci-

497 3136 548 3178 9.
582 3144 740 3179 eum:
777 3136 898 3179 such
933 3146 989 3178 as
1024 3137 1127 3188 just
1165 3134 1434 3178 described.

436 3203 529 3245 vla
550 3202 683 3246 alla:
704 3202 781 3246 i.e.
804 3203 978 3253 primis
998 3203 1234 3254 anqustiis
1260 3203 1341 3251 (cf.
1363 3202 1433 3251 8).

437 3278 533 3321 per
564 3299 576 3312 .
608 3298 622 3312 .
654 3299 667 3312 .
691 3277 917 3320 rupem:
946 3269 1201 3319 “through
1228 3280 1258 3311 a
1282 3269 1436 3321 rocky

438 3336 632 3387 gorge.”
692 3336 912 3380 deiectu
957 3337 1247 3380 arborum:
1283 3353 1325 3368 =
1359 3337 1436 3378 de-

436 3403 569 3446 iecti-s
611 3404 869 3453 arboribus,
896 3406 987 3448 but
1033 3405 1152 3447 used
1197 3405 1271 3447 for
1305 3414 1437 3454 sym-

437 3476 598 3524 metry
642 3472 766 3515 with
810 3472 896 3514 the
939 3471 1278 3515 construction
1323 3471 1433 3513 that

438 3537 641 3582 follows,

503 3604 581 3647 10.
615 3612 719 3648 sua
761 3631 775 3646 .
818 3631 832 3646 .
876 3632 889 3646 .
928 3603 1235 3654 armisque:
1276 3603 1436 3645 “with

437 3672 502 3715 its
525 3682 635 3714 own
660 3670 913 3713 barricade
937 3670 1035 3712 and
1061 3670 1359 3720 assignment
1386 3670 1437 3712 of

437 3738 605 3781 armed
649 3738 813 3780 men.”
908 3736 1067 3780 velut
1114 3766 1128 3778 .
1175 3765 1188 3778 .
1236 3766 1249 3779 .
1291 3737 1438 3779 inso-

438 3806 599 3850 utun:
626 3806 694 3846 “a
717 3808 913 3853 strange
928 3807 1027 3846 sort
1044 3803 1096 3845 of
1118 3803 1437 3847 numbneSS.”

440 3871 542 3914 The
560 3869 751 3921 general
770 3868 1090 3920 helplessness
1107 3869 1159 3911 of
1176 3868 1262 3912 the
1279 3879 1435 3921 army,

1534 3145 1589 3176 as
1610 3135 1717 3178 well
1740 3146 1794 3177 as
1816 3135 1902 3179 the
1924 3135 2200 3179 difficulties
2222 3136 2274 3178 of
2295 3135 2382 3178 the
2403 3145 2534 3187 pass,

1533 3200 1659 3243 loses
1719 3202 1929 3252 nothing
1988 3204 2040 3245 in
2104 3202 2272 3254 Livy’s
2333 3200 2536 3253 graphio

1534 3273 1760 3312 account.

1600 3336 1678 3378 12.
1710 3334 1954 3380 ludibrio
1989 3336 2130 3379 rore:
2168 3346 2234 3380 sc.
2272 3346 2343 3385 sa·
2380 3334 2535 3379 “that

1535 3402 1655 3453 they
1686 3403 1847 3446 would
1879 3414 2062 3455 appear
2092 3403 2408 3446 ridiculous.’'

1600 3470 1678 3512 18.
1712 3471 1907 3513 veru:⁴
1941 3469 2125 3512 middle
2180 3472 2336 3515 voice.
2431 3478 2537 3513 sua

1533 3529 1639 3588 lp'sl
1668 3546 1846 3588 opera.
1873 3541 1986 3579 ete.:
2020 3536 2354 3579 “themselves
2375 3536 2537 3581 derid-

1533 3603 1618 3652 ing
1659 3603 1786 3645 their
1827 3614 1937 3645 own
1979 3604 2112 3645 work
2154 3603 2253 3646 and
2296 3603 2440 3646 effort
2483 3604 2535 3647 in

1534 3670 1739 3722 pitiable
1783 3670 2083 3720 recognition
2129 3670 2181 3712 of
2224 3670 2290 3713 its
2333 3669 2537 3713 useless-

1536 3739 1697 3778 ness.’'

1599 3802 1679 3847 15.
1713 3802 1942 3854 quando
2001 3833 2015 3846 .
2076 3832 2090 3847 .
2152 3833 2166 3846 .
2223 3804 2392 3848 esset:
2448 3804 2537 3847 the

1536 3870 1748 3920 thought
1776 3871 1826 3913 of
1852 3870 1937 3913 the
1962 3870 2170 3913 consule.
