2975 4367
465 237 565 308 1'08
1377 247 1446 306 Τ.
1479 247 1641 304 ler
2343 247 2486 317 mv.
2522 250 2555 307 1

398 443 423 486 1
586 429 755 494 LIV.
804 430 1119 494 Facerent
1198 435 1276 494 ut
1350 429 1592 494 vellent
1672 429 2204 511 permittentibus
2280 434 2550 511 cunctis,

462 552 617 595 mox
691 530 1011 594 redituros
1092 551 1159 593 se
1241 530 1437 609 legati
1520 531 1712 593 rebus
1793 531 2095 610 perfectis
2178 531 2547 596 adfirmant.

399 645 427 684 2
463 631 746 694 Profecti
784 651 933 693 cum
981 630 1299 694 mandata
1344 630 1551 710 plebis
1594 630 1893 709 patribus
1927 632 2398 711 exposuissent,
2440 633 2549 696 alii

462 731 830 807 decemviri,
887 729 1150 811 quando
1202 730 1467 811 quidem
1520 737 1778 810 praeter
1827 751 2011 811 spem
2063 731 2350 812 ipsorum
2402 753 2554 814 sup-

462 830 634 911 plicii
683 831 785 894 sui
834 830 1012 894 nulla
1061 832 1307 893 mentio
1357 830 1559 905 fieret,
1613 830 1787 892 haud
1839 831 2191 912 quicquam
2243 833 2525 896 abnuere
2532 853 2552 912 ;

398 942 427 983 3
463 931 734 1011 Appius,
797 931 965 993 truci
1024 931 1279 1010 ingenio
1338 937 1406 993 et
1465 929 1714 993 invidia
1772 932 2140 1011 praecipua,
2202 932 2427 996 odium
2484 933 2553 997 in

461 1050 529 1094 se
570 1031 842 1094 aliorum
880 1051 998 1093 suo
1038 1032 1105 1093 in
1142 1051 1254 1094 eos
1291 1031 1566 1094 metiens
1605 1030 1755 1093 odio
1796 1031 2002 1094 ‘haud
2042 1032 2296 1111 ignaro'
2337 1034 2552 1113 inquit

397 1144 428 1184 4
463 1131 793 1194 ‘imminet
848 1131 1130 1193 fortuna.
1220 1131 1444 1207 Video,
1479 1131 1685 1193 donec
1742 1151 1924 1194 arma
1978 1131 2361 1196 adversariis
2415 1138 2548 1196 tra-

460 1229 724 1307 dantur,
786 1230 1028 1293 differri
1089 1231 1399 1294 adversus
1458 1252 1577 1294 nos
1636 1238 1986 1296 certamen.
2077 1233 2351 1296 Dandus
2388 1233 2554 1295 invi-

461 1330 607 1393 diae
639 1337 740 1393 est
772 1331 1052 1409 sanguis.
1145 1330 1319 1392 Nihil
1354 1351 1436 1394 ne
1468 1351 1587 1411 ego
1623 1332 1886 1412 quidem
1914 1353 2149 1409 moror,
2181 1354 2311 1414 quo
2340 1334 2554 1397 minus

397 1429 906 1493 5⁴decemviratu
983 1431 1256 1494 abeam!
1348 1432 1626 1494 Factum
1691 1439 1958 1496 senatus
2029 1433 2419 1510 consultum,
2477 1440 2555 1498 ut

461 1529 811 1593 decemviri
865 1550 934 1593 se
990 1531 1199 1610 primo
1258 1552 1518 1612 quoque
1576 1538 1869 1613 tempore
1926 1526 2316 1614 magistratu
2372 1532 2555 1597 abdi-

462 1637 705 1706 carent,
776 1630 852 1707 Q.
927 1631 1157 1694 Furius
1224 1632 1523 1712 pontifex
1591 1633 1916 1697 maximus
1985 1635 2281 1698 tribunos
2348 1634 2556 1714 plebis

461 1737 727 1806 crearet,
764 1737 831 1793 et
866 1750 946 1793 ne
982 1731 1082 1793 cui
1119 1731 1333 1794 fraudi
1366 1739 1536 1795 esset
1570 1735 1839 1797 secessio
1876 1735 2158 1798 militurn
2192 1734 2545 1815 plebisque.

395 1842 426 1884 6
587 1829 708 1892 His
745 1837 1011 1893 senatus
1049 1832 1359 1894 consultis
1396 1832 1699 1911 perfectis
1734 1832 1998 1897 dimisso
2033 1840 2267 1898 senatu
2303 1834 2556 1897 decern-

461 1929 583 1992 viri
629 1930 955 2010 prodeunt
1003 1931 1070 1992 in
1118 1932 1510 2009 contionem,
1563 1932 2001 2014 abdicantque
2047 1955 2115 1998 se
2164 1934 2554 2014 magistratu

459 2029 706 2109 ingenti
746 2031 1083 2093 hominum
1125 2031 1392 2094 laetitia.

521 2213 651 2259 LIV.
686 2216 733 2259 1.
767 2214 1055 2260 facerent:
1102 2215 1189 2259 the
1234 2215 1375 2260 usual
1407 2218 1460 2259 ut
1619 2218 1669 2262 8.
1703 2218 1851 2263 truci
1918 2219 2147 2271 ingenio
2215 2219 2272 2264 ot
2339 2219 2557 2264 invidia

458 2284 587 2326 atter
651 2284 913 2334 permittere
977 2284 1067 2326 has
1133 2284 1258 2327 been
1324 2295 1460 2327 more
1556 2287 1879 2339 praecipua:
1904 2288 1974 2330 “a
1996 2298 2113 2330 man
2135 2289 2187 2331 or
2208 2288 2358 2331 harsh
2379 2292 2558 2331 nature

459 2350 648 2402 readily
688 2351 899 2394 omitted
940 2351 1148 2394 because
1187 2352 1239 2394 of
1277 2352 1332 2395 ut
1369 2352 1459 2395 vel-
1558 2354 1655 2396 and
1693 2364 1758 2397 an
1795 2355 2001 2406 especial
2039 2355 2203 2406 object
2239 2355 2292 2398 of
2326 2355 2557 2399 hatred.'’

458 2418 566 2461 lent.
1556 2423 1777 2473 ignaro:
1802 2433 1868 2466 sc.
1893 2423 2030 2467 mihi.

519 2488 571 2530 2.
603 2486 724 2530 alii:
753 2504 796 2520 =
823 2487 973 2535 ceteri,
1003 2488 1330 2539 anticipating
1356 2488 1459 2538 Ap-
1618 2488 1668 2531 4.
1703 2489 1901 2534 donec:
1936 2491 2093 2543 “only
2125 2491 2304 2534 until.”

458 2554 587 2604 pius.
658 2561 841 2605 spem:
880 2555 1286 2606 “expectation.’¹
1356 2555 1458 2598 The
1620 2558 1669 2600 δ.
1703 2557 1885 2608 primo
1929 2565 2154 2609 quoque
2198 2558 2475 2609 tompore:
2502 2575 2548 2592 —

457 2620 592 2664 word
633 2621 772 2664 often
811 2621 901 2663 has
938 2620 1033 2664 less
1072 2621 1204 2664 color
1242 2621 1367 2665 than
1399 2623 1456 2665 in
1555 2633 1696 2675 quam
1720 2624 1945 2676 primum,
1972 2635 2027 2667 as
2048 2625 2186 2670 often
2208 2626 2260 2670 111
2285 2625 2427 2678 Livy.

459 2688 545 2732 the
570 2689 802 2740 ordinary
829 2688 1122 2733 translation
1151 2689 1367 2741 “hope”
