2975 4367
431 297 483 333 v,
523 280 576 345 6]

1320 282 1556 333 LIBER
1599 286 1622 333 l
2454 291 2523 339 29

428 461 736 539 dividere;
788 468 854 525 et
906 483 1055 524 cum
1104 463 1222 540 his,
1277 470 1599 527 crescente
1647 463 1715 527 in
1764 464 1901 527 dies
1948 485 2134 545 grege
2182 465 2516 545 iuvenum,

429 562 596 624 seria
636 581 711 624 ac
751 562 925 623 iocos
966 562 1303 625 celebrare.

552 663 629 724 V.
680 663 824 724 Iam
880 668 1025 724 tum
1083 663 1150 725 in
1202 663 1456 726 Palatio
1502 669 1725 728 monte
1777 665 2092 747 Lupercal
2148 666 2269 729 hoc
2328 666 2525 732 fuisse

430 762 751 824 ludicrum
773 762 1013 839 ferunt,
1032 771 1098 826 et
1125 785 1163 827 a
1185 763 1543 841 Pallanteo,
1564 765 1724 827 urbe
1742 767 2075 844 Arcadica,
2103 767 2521 846 Pallantium‚

363 874 392 914 2
432 863 581 924 dein
621 861 949 925 Palatium
990 870 1282 927 montem
1323 865 1744 945 appellatum.

1835 866 1937 928 Ibi
1977 866 2379 945 Euandrum,
2413 870 2525 951 qui

427 982 510 1024 ex
538 983 614 1025 eo
647 984 874 1042 genere
905 964 1235 1026 Arcadum
1266 964 1491 1027 multis
1520 972 1674 1029 ante
1700 968 2208 1045 tempestatibus
2235 971 2522 1033 tenuerit

429 1062 588 1139 loca,
634 1062 942 1126 sollemne
987 1063 1284 1127 adlatum
1327 1084 1410 1126 ex
1455 1066 1734 1129 Arcadia
1776 1067 2152 1144 instituisse,
2218 1073 2294 1130 ut
2365 1070 2524 1132 nudi
2619 1101 2625 1105 »

427 1163 694 1225 iuvenes
764 1165 1092 1242 Lycaeum
1162 1165 1342 1227 Pana
1410 1172 1793 1228 venerantes
1859 1186 1975 1248 per
2040 1166 2254 1230 lusum
2323 1175 2523 1251 atque

429 1261 762 1325 lasciviam
822 1270 1169 1341 currerent,
1232 1284 1427 1345 quem
1487 1266 1770 1329 Romani
1827 1267 2059 1329 deinde
2119 1275 2520 1333 vocaverunt

362 1373 392 1415 3
428 1362 687 1425 Inuum.
770 1364 942 1425 Huic
970 1364 1208 1426 deditis
1244 1364 1508 1442 ludicro,
1539 1386 1685 1427 cum
1722 1366 2028 1429 sollemne
2064 1373 2296 1430 notum
2330 1375 2518 1446 esset,

427 1461 766 1526 insidiatos
806 1463 894 1526 ob
948 1464 1112 1527 iram
1168 1465 1448 1545 praedae
1506 1466 1779 1528 amissae
1837 1466 2139 1544 latroneS‚
2185 1487 2333 1530 cum
2392 1469 2523 1531 Ro-

428 1562 642 1624 mulus
695 1564 760 1625 vi
813 1583 879 1626 se
932 1564 1345 1640 defendisset,
1402 1566 1686 1628 Remum
1739 1565 1999 1647 cepisse,
2056 1573 2324 1647 captum
2388 1568 2519 1647 regi

361 1675 392 1715 4
426 1661 686 1726 Amulio
759 1664 1105 1726 tradidisse
1177 1663 1350 1725 ultro
1426 1671 1825 1728 accusantes,

1914 1667 2180 1729 Crimini
2235 1668 2517 1730 maxime

425 1760 678 1826 dabant
717 1764 785 1827 in
827 1764 1188 1826 Numitoris
1227 1783 1414 1843 agros
1454 1764 1539 1826 ab
1578 1764 1655 1826 iis
1692 1765 1978 1846 impetus
2018 1767 2180 1844 fieri;
2220 1767 2371 1829 inde
2410 1787 2519 1830 eos

426 1863 697 1927 collecta
721 1864 1034 1926 iuvenum
1061 1884 1258 1926 manu
1287 1863 1590 1926 hostilem
1616 1865 1683 1927 in
1710 1866 1978 1927 modum
2004 1866 2281 1946 praedas
2307 1887 2513 1947 agere.

425 1963 527 2027 Sic
564 1964 891 2026 Numitori
926 1963 1008 2027 ad
1041 1964 1431 2045 supplicium
1466 1964 1713 2026 Remus
1745 1964 2023 2028 deditur.

551 2064 695 2126 Iam
736 2064 887 2126 inde
930 2063 1015 2126 ab
1055 2064 1241 2126 initio
1287 2064 1603 2127 Faustulo
1645 2083 1792 2145 spes
1832 2065 2046 2128 fuerat
2089 2067 2331 2146 regiam
2372 2068 2520 2130 stir-

423 2183 573 2243 pem
621 2164 797 2244 apud
845 2183 913 2226 se
958 2164 1247 2241 educari3
1295 2185 1450 2227 nam
1496 2169 1564 2226 et
1609 2166 1942 2245 expositos
1986 2166 2164 2228 iussu
2211 2168 2376 2247 regis
2423 2169 2519 2231 in-

423 2264 637 2326 fantes
690 2264 937 2327 sciebat
989 2270 1057 2327 et
1110 2271 1392 2344 tempuS‚
1450 2284 1580 2345 quo
1633 2264 1770 2345 ipse
1824 2284 1933 2327 eos
1986 2267 2372 2344 sustulisset,
2432 2268 2514 2330 ad

421 2364 486 2425 id
536 2364 754 2444 ipsum
807 2384 1182 2443 congruere;
1233 2365 1345 2426 sed
1397 2384 1535 2426 rem
1585 2365 2010 2428 immaturam
2061 2366 2183 2428 nisi
2235 2373 2350 2429 aut
2402 2387 2517 2446 per

354 2477 386 2519 6
420 2465 825 2527 occasionem
858 2470 974 2527 aut
1008 2484 1121 2544 per
1143 2465 1599 2527 necessitatem
1628 2465 1875 2544 aperire
1903 2466 2217 2528 noluerat.
2284 2466 2516 2528 Neces-

420 2565 578 2627 sitas
617 2564 793 2644 prior
830 2566 1012 2627 venit
1024 2585 1039 2641 ;
1078 2565 1174 2627 ita
1212 2571 1391 2627 metu
1432 2563 1746 2626 subactus
1785 2565 2067 2627 Romulo
2105 2586 2241 2627 rem
2283 2567 2510 2646 aperit.
2599 2551 2628 2620 f

480 2750 537 2795 V.
612 2752 659 2793 1.
732 2750 969 2796 Palatio:
1050 2769 1093 2784 =
1173 2750 1413 2792 Palatino.

418 2818 681 2870 Lupercal
741 2818 845 2861 hoc
904 2817 1214 2861 ludicrum:
1275 2816 1416 2859 “this

417 2884 612 2928 festival
645 2886 696 2927 of
727 2895 854 2933 ours,
891 2884 976 2927 the
1011 2883 1299 2936 Lupercal.'’
1366 2883 1413 2926 It

416 2963 515 2995 was
553 2964 583 2994 a
622 2951 818 2994 festival
857 2951 908 2993 ot
948 2951 1259 3002 purification
1304 2950 1413 3000 (feb-

415 3020 575 3067 ruare)
610 3018 723 3060 held
762 3018 876 3060 Feb.
918 3019 988 3066 15,
1026 3018 1125 3060 and
1161 3018 1328 3068 giving
1361 3023 1414 3061 to

416 3085 500 3129 the
528 3086 701 3129 month
729 3086 795 3127 its
821 3096 981 3128 name.
1042 3093 1076 3127 a
1103 3084 1414 3130 Pauanteo:

415 3163 444 3194 a
490 3152 761 3205 superficial
808 3151 1101 3195 derivation.
1181 3152 1283 3195 The
1329 3152 1414 3195 hill

414 3230 514 3261 was
562 3218 803 3270 probably
851 3218 936 3260 the
984 3218 1178 3268 feeding
1225 3219 1414 3269 ground

422 3287 502 3334 (cf.
538 3286 746 3336 pascere)
781 3285 833 3327 of
867 3285 952 3328 the
985 3285 1268 3337 shepherds‚
1303 3287 1414 3329 who

414 3352 512 3394 had
541 3363 570 3394 a
597 3352 733 3403 deity
760 3352 913 3394 called
943 3352 1098 3395 Pales.

476 3420 525 3461 2.
560 3428 624 3462 eo
687 3428 909 3470 genere:
939 3437 981 3451 =
1010 3430 1065 3462 ea
1126 3422 1268 3471 vente,
1334 3422 1411 3466 Le.

415 3486 739 3529 Pallanteum.
802 3486 1262 3537 tempestatibus:
1327 3500 1411 3541 po-

412 3553 522 3601 etic.
574 3553 825 3600 “seasons‚
875 3553 1237 3603 generationS.’'
1308 3555 1411 3598 sol-

411 3618 622 3663 lemne:
650 3620 936 3667 ‘'custom;”
961 3620 1001 3662 it
1028 3621 1068 3662 is
1094 3619 1315 3663 followed
1344 3623 1408 3674 by

411 3697 476 3729 an
526 3686 578 3728 ut
628 3685 953 3737 explanatory
1004 3686 1183 3730 clause.
1260 3689 1410 3733 Pana

410 3753 767 3797 venerantes:
810 3753 900 3794 “in
942 3752 1068 3795 their
1108 3754 1319 3806 worship
1360 3757 1410 3798 of

412 3820 571 3868 Pan;''
624 3821 749 3870 Livy
799 3819 918 3862 then
968 3820 1092 3862 adds
1143 3821 1228 3864 the
1276 3832 1408 3871 quem

410 3885 572 3931 clause
604 3896 669 3930 on
701 3887 776 3930 his
807 3897 918 3930 own
950 3886 1208 3940 authority
1240 3899 1293 3930 as
1326 3887 1409 3932 the

1514 2748 1660 2792 indic.
1685 2749 1830 2793 mode
1854 2750 2028 2793 shows

1576 2816 1626 2858 8.
1661 2815 1887 2860 deditis:
1940 2828 2006 2860 sc.
2059 2818 2349 2868 pastoribus,-
2399 2829 2514 2861 con-

1512 2887 1648 2925 strue
1683 2884 1802 2926 with
1839 2884 2108 2928 insidiatos.
2178 2887 2271 2930 ob:
2299 2903 2342 2919 ==
2369 2896 2512 2936 prop-

1512 2953 1592 2994 ter.
1670 2950 1758 2992 See
1790 2950 1980 2994 Introd.
2007 2954 2063 2996 V.
2097 2955 2140 2997 3.
2168 2964 2211 3004 o.
2276 2951 2511 3003 praedae

1513 3016 1775 3060 atu-issae:
1813 3018 1915 3068 obj.
1945 3028 2068 3068 gen..
2101 3019 2193 3061 ‘'at
2222 3018 2308 3062 the
2334 3018 2431 3061 loss
2458 3020 2511 3061 ot

1515 3082 1641 3125 their
1656 3083 1861 3133 booty.¹’
1920 3084 2009 3126 See
2024 3084 2215 3127 Introd.
2234 3088 2289 3130 V.
2306 3089 2349 3129 4.
2366 3087 2400 3137 j.
2417 3088 2505 3137 (4).

1514 3151 1735 3201 cepisse,
1764 3151 2022 3201 captum:
2064 3152 2150 3193 the
2171 3154 2435 3203 repetition
2457 3155 2509 3196 or

1513 3228 1543 3259 a
1584 3218 1703 3260 verb
1744 3219 1795 3260 in
1836 3224 1973 3272 ptcp.
1997 3219 2123 3260 form
2156 3220 2197 3261 is
2230 3221 2384 3263 called
2408 3222 2511 3274 epi-

1514 3284 1672 3335 ploce;
1714 3284 1852 3326 often
1884 3295 1939 3326 as
1967 3284 2081 3327 here
2115 3285 2257 3329 haste
2301 3287 2341 3329 is
2383 3288 2510 3330 indi-

1513 3351 1672 3394 cated.
1717 3349 1892 3394 ultro:
1915 3353 2505 3407 emphatic‚“actually‚”
2572 3364 2578 3369 ·

1510 3420 1588 3461 i.e.
1612 3420 1805 3469 beyond
1841 3420 1972 3461 what
2001 3430 2094 3462 one
2120 3421 2281 3463 would
2315 3429 2505 3473 expect.

1574 3489 1623 3529 4.
1661 3487 1914 3532 cunum:
1989 3488 2092 3531 dat.
2159 3490 2211 3531 of
2276 3500 2506 3541 purpose:

1510 3556 1629 3597 with
1665 3557 1851 3601 dabant.
1893 3555 2052 3606 “they
2088 3555 2349 3606 charged.’'
2419 3560 2507 3603 See

1511 3623 1700 3666 Introd.
1726 3626 1780 3667 V.
1811 3627 1849 3667 1.
1874 3625 1916 3666 b.
1947 3626 2033 3676 (2).

1573 3691 1621 3732 ο.
1655 3688 1960 3734 Numitori:
2009 3688 2114 3733 dat.
2164 3690 2216 3733 of
2263 3691 2507 3736 reference

1510 3756 1628 3797 with
1659 3756 1744 3797 the
1774 3755 1929 3798 whole
1959 3755 2135 3805 clause,
2168 3768 2197 3798 a
2228 3768 2361 3800 more
2388 3757 2505 3800 deli-

1509 3827 1619 3864 cate
1633 3824 1969 3865 construction
1981 3823 2103 3865 than
2116 3824 2384 3866 Numitoris
2397 3825 2508 3868 ani-

1508 3899 1640 3932 mum
1652 3891 1812 3932 would
1830 3891 1905 3933 be.
1949 3891 2039 3935 See
2050 3891 2302 3937 Introd.V.
2313 3896 2351 3935 1.
2365 3893 2405 3936 b.
2416 3895 2501 3946 (1).
