2975 4367
439 1779 499 1820 10

439 2281 492 2321 11

431 2570 495 2622 ‘12

1439 275 1509 330 T.
1544 275 1705 329 LIVI

532 283 601 336 62
2397 274 2556 342 [xlvii
2593 280 2627 330 6

532 461 707 540 regio
745 459 989 523 semine
1027 464 1193 535 orta,
1235 456 1487 521 nullum
1529 461 1936 518 momentum
1974 454 2044 518 in
2081 453 2301 517 dando
2342 455 2628 518 adimen-

534 561 750 641 doque
788 579 985 639 regno
1019 559 1280 621 faceret.

660 661 782 724 His
859 658 1283 721 muliebribus
1359 655 1709 719 instinctus
1786 654 1969 718 furiis
2044 655 2436 737 Tarquinius
2514 657 2631 719 cir-

535 760 778 824 cumire
832 767 902 824 et
956 778 1259 838 prensare
1314 756 1640 819 minorum
1697 755 1980 819 maxime
2035 755 2329 835 gentium
2383 764 2629 836 patres;

537 862 886 925 admonere
928 857 1186 939 paterni
1230 856 1544 933 beneficii,
1591 874 1666 919 ac
1709 876 1828 937 pro
1870 875 1947 919 eo
1992 854 2271 936 gratiam
2314 864 2629 935 repetere;

537 960 811 1024 adlicere
854 959 1042 1022 donis
1100 959 1367 1022 iuvenes
1377 977 1393 1034 ;
1453 976 1603 1018 cum
1662 956 1744 1018 de
1801 974 1870 1020 se
1927 954 2218 1034 ingentia
2262 955 2628 1037 pollicendo

536 1070 680 1126 tum
722 1060 887 1140 regis
931 1058 1305 1122 criminibus
1346 1057 1651 1120 omnibus
1694 1055 1847 1119 locis
1884 1075 2180 1120 crescere.
2268 1057 2628 1133 Postrem0‚

535 1169 612 1225 ut
663 1162 796 1223 iam
849 1159 1137 1239 agendae
1189 1157 1279 1221 rei
1323 1164 1586 1237 tempus
1630 1156 1843 1220 visum
1886 1161 2006 1231 est,
2045 1155 2331 1235 stipatus
2375 1156 2631 1237 agmine

537 1268 940 1328 armatorum
999 1260 1068 1322 in
1125 1259 1341 1321 forum
1398 1256 1666 1336 inrupit.
1756 1254 1920 1318 Inde
1977 1256 2281 1320 omnibus
2323 1257 2632 1336 perculsis

536 1381 798 1441 pavore,
839 1360 910 1424 in
949 1359 1123 1438 regia
1159 1357 1312 1422 sede
1350 1377 1469 1438 pro
1511 1356 1689 1419 curia
1726 1355 1976 1431 sedenS,
2018 1363 2238 1434 patres
2276 1355 2345 1419 in
2384 1355 2632 1419 curiam

535 1481 650 1541 per
687 1480 1074 1541 praeconem
1115 1458 1198 1521 ad
1235 1476 1450 1537 regem
1481 1455 1912 1537 Tarquinium
1952 1453 2138 1518 citari
2175 1454 2383 1520 iussit.
2468 1457 2634 1520 Con-

537 1580 769 1624 venere
818 1559 1170 1640 extemplo,
1225 1557 1332 1621 alii
1380 1557 1514 1619 iam
1566 1563 1720 1619 ante
1770 1554 1854 1619 ad
1904 1556 2026 1618 hoc
2076 1556 2469 1635 praeparati,
2525 1557 2631 1619 alii

536 1668 737 1737 mem,
782 1680 863 1723 ne
905 1681 1036 1723 non
1079 1657 1330 1722 venisse
1372 1656 1587 1719 fraudi
1629 1663 1817 1732 esset,
1862 1655 2160 1719 novitate
2201 1674 2277 1719 ac
2319 1656 2632 1720 miraculo

535 1759 804 1824 attoniti
857 1766 925 1823 et
978 1759 1111 1821 iam
1166 1757 1247 1820 de
1303 1756 1526 1821 Servio
1582 1762 1804 1818 actum
1858 1754 2004 1818 rati.
2095 1754 2198 1817 Ibi
2241 1757 2633 1837 Tarquinius

537 1859 884 1924 maledicta
947 1859 1032 1922 ab
1094 1858 1296 1937 stirpe
1356 1856 1595 1919 ultima
1655 1875 1866 1919 orsus:
1989 1874 2252 1919 servum
2312 1876 2633 1938 servaque

535 1967 768 2024 natum
817 1966 970 2040 post
1022 1966 1301 2022 mortem
1350 1956 1687 2036 indignam
1740 1955 2028 2035 parentis
2077 1956 2197 2033 sui,
2252 1978 2385 2020 non
2434 1957 2633 2021 inter-

535 2081 751 2141 regn0‚
811 2066 890 2123 ut
950 2064 1164 2135 antea,
1227 2057 1410 2133 inito,
1474 2077 1608 2119 non
1667 2055 1944 2120 comitiis
2003 2056 2264 2134 habitis,
2328 2063 2461 2121 no'n
2518 2077 2634 2137 per

533 2160 915 2240 suffragium
982 2157 1226 2239 populi,
1298 2179 1431 2220 non
1500 2155 1877 2220 auctoribus
1943 2155 2260 2235 patribus,
2334 2157 2632 2220 muliebri

532 2261 704 2324 dono
742 2278 1012 2339 regnum
1050 2275 1419 2337 occupasse.
1503 2256 1612 2318 Ita
1648 2262 1901 2332 natum,
1928 2254 2028 2319 ita
2063 2263 2357 2319 creatum
2394 2277 2629 2337 regem,

532 2361 857 2424 fautorem
901 2358 1107 2422 infimi
1152 2357 1398 2437 generis
1442 2355 1803 2432 hominum,
1848 2375 1931 2418 ex
1974 2376 2105 2437 quo
2146 2355 2286 2440 ipse
2326 2357 2434 2434 sit,
2480 2358 2631 2420 odio

532 2460 778 2524 alienae
833 2458 1195 2522 honestatis
1247 2461 1548 2536 ereptum
1600 2454 1993 2536 primoribus
2045 2476 2272 2536 agrum
2324 2457 2631 2521 sordidis-

530 2561 695 2624 simo
762 2559 995 2640 cuique
1061 2557 1353 2622 divisisse
1364 2577 1381 2633 ;
1448 2555 1671 2618 omnia
1735 2574 1952 2632 onera,
2022 2576 2189 2638 quae
2257 2558 2632 2621 communia

531 2658 864 2741 quondam
908 2658 1170 2735 fuerint,
1200 2656 1541 2720 inclinasse
1568 2654 1632 2718 in
1663 2654 1976 2735 primores
2005 2656 2292 2721 civitatis
2303 2678 2320 2735 ;
2363 2658 2629 2742 institu-

529 2761 652 2824 isse
681 2779 966 2836 censum‚
990 2767 1068 2823 ut
1089 2756 1358 2836 insignis
1385 2755 1465 2819 ad
1498 2754 1814 2818 invidiam
1838 2756 2333 2836 locupletiorum
2362 2758 2630 2821 fortuna

528 2867 698 2925 esset
741 2866 809 2924 et
854 2865 1109 2939 parata,
1150 2855 1346 2933 unde,
1388 2855 1504 2917 ubi
1548 2855 1764 2932 vellet,
1801 2855 2231 2936 egentissimis
2265 2857 2626 2937 largiretur.

1628 3076 1785 3122 tumt
1815 3088 1880 3122 sc.
1912 3044 2031 3128 esse:
2059 3090 2090 3123 a
2119 3076 2489 3130 conoquialism,
2525 3078 2629 3123 “all

1628 3157 1695 3197 up
1719 3146 1891 3189 wlth.”

593 3082 641 3123 ’1.
675 3080 967 3123 minoium
1031 3108 1044 3122 .
1109 3108 1125 3123 .
1189 3108 1204 3121 .
1265 3077 1530 3130 gentium

529 3148 738 3198 patrea:
780 3158 809 3189 a
847 3146 1013 3197 junior
1052 3146 1176 3189 class
1215 3146 1268 3188 ot
1307 3148 1530 3187 senators

527 3214 796 3267 appointed
820 3214 887 3266 by
913 3214 1172 3263 Tarquin’s
1195 3212 1372 3255 father.
1429 3219 1529 3262 pro

527 3290 592 3325 οο
627 3282 896 3334 gratiam:
934 3282 1179 3333 “support
1215 3282 1267 3323 in
1302 3279 1528 3327 return;”

527 3349 613 3392 the
642 3349 827 3391 eternal
858 3348 973 3398 quid
1002 3359 1087 3399 pro
1116 3358 1206 3399 quo
1236 3348 1287 3389 ot
1315 3346 1526 3398 politice.

526 3415 882 3460 criminibus:
914 3416 1023 3467 “by
1051 3415 1252 3465 charges
1281 3413 1528 3464 against.”

531 3482 836 3533 Distinguish
874 3483 1000 3526 from
1039 3483 1204 3525 scelus.

588 3551 638 3592 8.
672 3557 795 3600 pro:
845 3550 934 3593 “in
976 3550 1059 3592 the
1100 3550 1230 3592 front
1270 3552 1383 3600 part
1421 3548 1527 3591 of.”

525 3618 597 3662 ad
633 3625 825 3668 regem
863 3617 1261 3668 Tarquinium:
1299 3616 1385 3659 the
1421 3616 1528 3659 offi-

524 3684 617 3727 cial
640 3687 855 3727 warrant
881 3685 957 3726 tor
981 3684 1066 3726 the
1089 3694 1357 3726 summons.

585 3752 635 3794 9.
670 3759 787 3794 non
813 3750 1055 3794 venisse:
1085 3751 1252 3794 “their
1279 3754 1366 3793 not
1394 3761 1526 3792 com-

522 3819 657 3869 ing.”
711 3818 923 3862 fraudi:
947 3818 1051 3861 dat.
1076 3819 1128 3860 of
1150 3829 1381 3870 purpose:
1403 3818 1525 3861 with

522 3887 649 3934 esset.
689 3886 929 3929 translate
967 3886 1141 3929 “work
1177 3886 1370 3929 harm.”
1439 3893 1527 3929 ao-

1692 3213 1771 3257 12.
1806 3222 2065 3258 oemunt
2102 3214 2201 3257 thia
2235 3215 2400 3265 rating
2433 3215 2487 3257 of
2521 3216 2631 3258 citi-

1627 3281 1757 3322 zens’
1799 3285 2048 3333 property,
2094 3283 2147 3324 to
2189 3280 2460 3324 determine
2500 3282 2630 3325 their

1627 3347 1751 3389 class
1778 3348 1828 3390 in
1859 3348 1943 3391 the
1971 3348 2190 3391 five-sold
2222 3348 2433 3392 division
2461 3350 2514 3391 of
2542 3349 2629 3393 the

1627 3415 1830 3458 Servian
1855 3416 2202 3465 constitution.
2231 3416 2447 3465 Tarquin
2471 3417 2629 3459 main-

1626 3483 1757 3525 tains
1796 3493 1895 3525 was
1933 3482 2079 3526 made
2117 3483 2168 3525 in
2207 3482 2350 3526 order
2388 3483 2500 3526 that
2541 3483 2630 3527 the

1626 3549 1848 3592 fortunes
1871 3550 1923 3592 of
1945 3549 2030 3593 the
2054 3550 2156 3592 rich
2180 3550 2338 3599 might
2362 3550 2424 3593 be
2447 3550 2628 3602 clearly

1624 3617 1826 3660 marked
1864 3618 1939 3659 tor
1973 3618 2203 3666 arousing
2235 3628 2382 3668 envy.
2451 3618 2627 3662 unde:

1635 3702 1676 3717 =
1705 3695 1760 3727 ex
1792 3695 1899 3735 qua.
1935 3685 2250 3735 introducing
2282 3695 2312 3727 a
2345 3684 2427 3727 rel.
2463 3684 2628 3728 clause

1625 3753 1676 3795 ot·
1719 3761 1946 3803 purpose.
2024 3751 2218 3795 vellet:
2264 3752 2349 3795 the
2393 3750 2625 3795 so-called

1624 3819 1854 3862 iterative
1887 3819 2218 3871 subjunctive.
