2975 4367
314 459 342 499 2
376 444 698 507 destituat
753 461 918 522 speS,
979 440 1105 504 alia
1160 440 1481 521 praesidia
1539 441 1822 503 molitur.

314 758 343 800 3
376 741 654 805 inimicis
701 741 979 804 ludibrio
1026 760 1162 803 esse
1211 741 1404 804 sinat.

312 1562 342 1603 4

314 1865 342 1905 5

380 266 450 319 58
1268 262 1331 314 T.
1371 260 1531 314 LIVI

2286 261 2401 327 [xli.
2444 267 2469 316 1

1924 442 2145 505 Servio
2202 462 2472 523 propere

379 545 587 607 accito
649 562 797 603 cum
856 561 1062 621 paene
1119 560 1516 620 exsanguem
1577 541 1789 603 virum
1848 541 2258 619 ostendisset,
2319 543 2474 605 dex-

377 650 551 707 tram
592 648 821 705 tenens
860 648 1025 718 orat,
1068 660 1149 702 ne
1189 641 1469 703 inultam
1511 647 1789 703 mortem
1830 641 2051 717 soceri,
2096 661 2175 704 ne
2216 661 2473 705 socrum

1503 741 1748 802 ‘Tuum
1796 742 1925 804 est'
1964 742 2200 823 inquit,
2239 744 2471 821 ‘Servi,

378 844 432 905 si
478 843 578 905 vir
619 860 707 918 ωε,
756 861 1046 920 regnum,
1093 862 1225 903 non
1267 860 1513 917 eorum,
1561 840 1675 921 qui
1719 840 1943 903 alienis
1988 842 2291 905 manibus
2334 863 2476 925 pes-

377 944 616 1006 simum
653 941 906 1004 facinus
947 941 1170 1003 fecere.
1265 942 1454 1020 Erige
1502 946 1569 1003 te
1616 940 1901 1021 deosque
1942 941 2141 1005 duces
2187 962 2472 1025 sequere,

378 1045 491 1125 qui
538 1044 784 1106 clarum
833 1044 952 1104 hoc
1000 1041 1136 1104 fore
1183 1048 1383 1120 caput
1429 1040 1654 1103 divino
1701 1040 2036 1122 quondam
2086 1043 2473 1107 circumfuso

377 1144 509 1224 igni
544 1143 1037 1225 portenderunt.
1128 1141 1316 1203 Nunc
1352 1147 1420 1203 te
1455 1140 1568 1203 illa
1597 1140 1889 1203 caelestis
1917 1142 2160 1207 excitet
2190 1144 2473 1221 flamma,

378 1263 551 1307 nunc
606 1242 1044 1323 expergiscere
1101 1261 1268 1303 vere.
1371 1242 1460 1304 Et
1502 1260 1621 1304 nos
1662 1242 1982 1321 peregrini
2037 1243 2476 1322 regnavimus3

378 1343 490 1425 qui
542 1344 649 1420 sis,
704 1364 836 1406 non
884 1342 1060 1404 unde
1112 1349 1310 1405 natus
1360 1341 1467 1418 siS,
1524 1348 1776 1420 reputa.
1869 1343 1933 1406 Si
1973 1350 2090 1406 tua
2141 1363 2208 1406 re
2260 1344 2479 1408 subita

379 1444 644 1507 consilia
686 1449 972 1522 torpent,
1019 1448 1089 1505 at
1122 1438 1206 1505 'tu
1251 1461 1397 1505 mea
1439 1441 1707 1504 consilia
1749 1461 2035 1523 sequere.

503 1545 667 1607 Cum
727 1543 972 1606 clamor
1028 1542 1442 1622 impetusque
1504 1541 1946 1605 multitudinis
2006 1545 2118 1606 vix
2176 1544 2478 1608 sustineri

377 1650 618 1725 posset,
650 1663 733 1705 ex
761 1643 1089 1723 superiore
1119 1649 1306 1723 parte
1339 1641 1598 1704 aedium
1628 1661 1744 1720 per
1773 1642 2091 1706 fenestras
2119 1644 2189 1706 in
2222 1645 2479 1707 Novam

380 1745 557 1807 viam
605 1762 824 1806 versas
849 1779 932 1787 —
955 1742 1306 1806 habitabat
1332 1742 1526 1804 enim
1574 1761 1688 1825 rex
1736 1742 1819 1805 ad
1871 1744 2048 1805 Iovis
2095 1745 2374 1808 Statoris
2399 1780 2481 1789 —

378 1844 696 1923 populum
741 1842 1062 1924 Tanaquil
1110 1841 1506 1923 adloquitur.
1599 1841 1795 1905 Iubet
1843 1842 2015 1906 bono
2063 1843 2281 1908 animo
2316 1864 2480 1908 esse:

380 1945 669 2024 sopitum
718 1944 914 2005 fuisse
964 1962 1178 2034 regem
1228 1942 1447 2005 subito
1497 1941 1633 2004 ictu
1646 1962 1662 2018 3
1712 1942 1954 2004 ferrum
2005 1944 2182 2025 haud
2234 1944 2364 2010 alte
2411 1945 2481 2008 in

382 2063 615 2124 corpus
653 2043 1085 2120 descendisse;
1124 2043 1256 2106 iam
1297 2043 1381 2105 ad
1422 2061 1489 2103 se
1530 2042 1768 2104 redisse
1780 2064 1795 2119 ;
1835 2043 2203 2122 inspectum
2244 2046 2481 2108 vulnus

382 2144 673 2207 absterso
736 2164 958 2206 cruore
970 2164 985 2220 ;
1046 2144 1267 2206 omnia
1325 2141 1612 2205 salubria
1670 2162 1807 2204 esse
1819 2163 1834 2219 ;
1897 2144 2219 2207 confidere
2280 2165 2480 2225 prope

381 2244 555 2306 diem
610 2244 826 2324 ipsum
884 2263 995 2306 eos
1054 2243 1304 2305 visuros
1315 2264 1330 2319 ;
1389 2242 1651 2306 interim
1712 2243 1935 2306 Servio
1992 2244 2202 2307 Tullio
2261 2245 2480 2307 iubere

381 2345 695 2424 populum
755 2345 933 2408 dicto
995 2343 1369 2406 audientem
1430 2361 1567 2404 esse
1579 2363 1595 2419 3
1655 2362 1805 2404 eum
1865 2343 2008 2407 iura
2068 2345 2478 2409 redditurum

381 2445 846 2525 obiturumque
886 2443 1013 2507 alia
1051 2443 1215 2522 regis
1254 2442 1478 2505 munia
1515 2462 1672 2504 esse.
1766 2445 2026 2507 Servius
2065 2466 2214 2506 cum
2254 2447 2481 2509 trabea

381 2552 451 2608 et
499 2544 834 2608 lictoribus
881 2543 1120 2623 prodit,
1173 2563 1247 2606 ac
1296 2542 1447 2604 sede
1497 2543 1670 2621 regia
1717 2544 1947 2606 sedens
1996 2544 2122 2607 alia
2169 2544 2477 2622 decernit,

383 2645 463 2707 de
506 2645 646 2707 aliis
689 2644 1142 2708 consulturum
1183 2662 1251 2705 se
1294 2661 1509 2721 regem
1551 2662 1688 2704 esse
1731 2644 2014 2707 simulat.
2105 2646 2341 2726 Itaque
2367 2665 2483 2725 per

385 2745 635 2825 aliquot
704 2743 860 2821 dies,
913 2764 1065 2805 cum
1131 2744 1263 2806 iam
1334 2742 1729 2822 exspirasset
1800 2745 2210 2824 TarquiniuS,
2268 2745 2477 2809 celata

384 2852 593 2908 morte
651 2863 767 2925 per
825 2844 1104 2924 speciem
1165 2843 1411 2906 alienae
1471 2842 1840 2922 fungendae
1902 2845 2059 2905 vicis
2117 2864 2268 2907 suas
2326 2865 2482 2925 opes

384 2946 690 3009 firmavit.
778 2946 947 3007 Tum
985 2944 1251 3005 demum
1280 2942 1500 3023 palam
1544 2943 1794 3006 factum
1836 2952 1935 3008 est
1974 2945 2481 3024 comploratione

446 3133 496 3175 2.
521 3132 729 3177 servio:
759 3132 864 3176 dat.

447 3202 496 3243 3.
519 3201 820 3251 peregrim:
835 3201 1127 3243 concessive.
1175 3200 1274 3250 qui
1285 3209 1297 3242 :
1310 3201 1385 3242 for

386 3267 471 3310 the
483 3267 673 3317 regular
688 3267 843 3310 subst.
855 3268 1102 3318 interrog..
1119 3278 1173 3309 as
1186 3268 1323 3311 often
1334 3269 1381 3311 in

388 3336 529 3386 Livy.
598 3335 727 3377 Here
748 3335 938 3385 quis-<sis
952 3335 994 3375 is
1016 3337 1134 3378 thus
1157 3335 1383 3378 avoided.

449 3405 497 3447 4.
520 3401 581 3445 ln
634 3430 650 3445 .
722 3429 738 3444 .
811 3430 827 3444 .
874 3409 1086 3444 versas:
1136 3401 1386 3451 “openinar

386 3479 522 3519 upon
566 3468 651 3510 the
696 3468 840 3510 Nova
881 3468 1015 3517 via‚''
1060 3479 1091 3509 a
1134 3472 1283 3510 street
1332 3478 1385 3508 so

387 3535 567 3577 named
589 3535 642 3577 in
664 3538 882 3577 contrast
899 3534 1018 3576 with
1043 3534 1129 3577 the
1151 3534 1285 3576 older
1302 3534 1387 3576 Sa-

387 3613 469 3644 cra
492 3602 590 3646 via.
648 3602 793 3647 Iovis
822 3601 1077 3647 Statoris:
1111 3612 1177 3644 sc.
1211 3602 1384 3644 aedem.

389 3668 509 3711 Like
528 3669 650 3718 Eng.
673 3669 829 3710 “near
853 3668 924 3711 St.
951 3668 1166 3710 Paul’S.'’

453 3737 502 3779 ὅ.
526 3735 825 3778 confidere:
851 3745 917 3777 sc.
937 3745 999 3783 se,
1017 3737 1094 3779 i.e.
1121 3735 1385 3786 Tanaquil:

389 3802 481 3844 but
513 3802 635 3846 with
667 3802 838 3852 iubere,
874 3812 940 3844 sc.
975 3812 1139 3851 reaem.
1211 3802 1385 3844 dioto:

389 3869 494 3913 dat.
523 3870 576 3911 of
603 3869 690 3912 ref.
719 3868 841 3911 with
869 3869 1137 3910 audientem
1166 3879 1283 3916 esse:
1312 3872 1385 3910 to-

1485 3127 1667 3178 gether,
1702 3139 1733 3170 a
1764 3127 2164 3173 circumlocution
2197 3131 2272 3173 for
2304 3140 2478 3183 parere.

1549 3199 1597 3240 6.
1630 3196 1848 3241 trabea:
1881 3209 1910 3239 a
1943 3202 2072 3240 state
2104 3199 2220 3241 robe
2252 3201 2303 3241 of
2323 3200 2482 3252 „white

1485 3265 1582 3306 and
1610 3265 1796 3316 purple,
1825 3265 2001 3316 chiefly
2026 3266 2111 3308 the
2133 3266 2297 3309 latter.
2354 3266 2482 3310 tun-

1485 3332 1698 3383 gendae
1715 3332 1875 3375 vicis:
1895 3332 1993 3375 this
2009 3333 2199 3383 regular
2216 3334 2482 3384 gerundive

1483 3401 1525 3441 is
1552 3411 1581 3441 a
1607 3399 1823 3442 survival
1850 3400 1901 3441 of
1925 3400 2065 3450 sunm:
2089 3410 2143 3442 as
2168 3411 2198 3442 a
2224 3402 2481 3444 transitive

1484 3466 1620 3509 verb.
1692 3466 1882 3516 palam
1918 3466 2140 3510 tactum
2177 3468 2285 3510 est:
2323 3479 2388 3511 sc.
2428 3479 2482 3510 as

1485 3533 1614 3583 subj.
1653 3534 1892 3583 expirasse
1935 3534 2264 3584 Tarquinium.
2335 3543 2483 3578 oom-

1485 3600 1818 3650 ploratione:
1880 3601 1966 3644 the
1998 3601 2173 3643 formal
2206 3603 2478 3652 mourning‚

1486 3668 1606 3710 with
1644 3669 1708 3710 its
1746 3668 1941 3718 wailing
1978 3668 2074 3710 and
2115 3668 2270 3711 thrice
2307 3669 2484 3719 calling

1487 3733 1572 3775 the
1598 3745 1742 3776 name
1769 3735 1820 3776 of
1847 3734 1932 3777 the
1958 3734 2100 3777 dead.
2160 3733 2482 3778 voluntate:

1488 3801 1648 3843 “tacit
1708 3801 1961 3849 consent,''
2019 3805 2107 3844 not
2166 3801 2252 3845 the
2308 3801 2482 3845 formal

1485 3868 1754 3911 auctoritas.
1813 3868 1884 3911 Cf.
1912 3871 1987 3912 32.
2019 3870 2059 3912 1.
