2975 4367
359 321 514 378 xxxi.
555 321 639 390 10]
1216 321 1452 378 LIBER
1487 322 1598 378 VII

2349 325 2455 381 133

294 516 328 562 3
361 505 686 569 Samnites
732 504 916 568 vobis
960 524 1272 584 negamus
1282 525 1298 581 ;
1345 504 1610 584 legatos,
1656 505 1826 569 sicut
1883 504 1984 568 ius
2042 503 2271 586 fasque
2327 512 2448 583 est,

362 604 446 668 ad
510 605 715 667 socios
781 611 979 685 atque
1043 605 1283 668 amicos
1346 612 1685 684 precatum
1752 605 2107 681 mittemus,
2175 626 2257 669 ne
2319 625 2453 687 qua

363 704 549 767 vobis
610 704 707 766 vis
768 705 926 766 fiat!
1017 704 1117 765 Ad
1180 724 1258 767 ea
1317 704 1614 784 princeps
1676 704 2012 784 legationis
2030 705 2217 768 —sic
2277 706 2450 769 enim

361 803 557 867 domo
608 804 997 867 mandatum
1049 803 1408 867 attulerant
1434 839 1518 847 —
1543 804 1836 885 ‘quando
1889 804 2181 885 quidem'
2236 805 2451 886 inquit

365 904 620 967 ‘nostra
661 904 829 967 tueri
873 904 1183 967 adversus
1227 903 1361 965 vim
1405 910 1607 985 atque
1648 903 1950 967 iniuriam
1996 905 2170 968 iusta
2212 905 2279 968 vi
2320 926 2452 969 non

295 1018 329 1062 4
364 1003 581 1080 vultis,
647 1011 865 1067 vestra
925 1011 1097 1068 certe
1157 1004 1545 1067 defendetis:
1606 1004 1828 1085 itaque
1891 1004 2207 1084 populum
2267 1006 2453 1069 Cam-

363 1124 609 1184 panum
651 1105 1009 1185 urbemque
1050 1106 1361 1184 Capuam,
1408 1125 1613 1183 agros,
1658 1103 1929 1167 delubra
1971 1105 2186 1182 deum,
2229 1105 2454 1168 divina

363 1205 780 1284 humanaque
827 1206 1049 1268 omnia
1093 1205 1161 1267 in
1208 1211 1515 1281 vestram,
1565 1211 1783 1284 patres
1834 1205 2199 1284 conscripti,
2249 1225 2454 1285 popu-

364 1303 537 1384 lique
619 1305 900 1367 Romani
978 1305 1299 1368 dicionem
1384 1304 1705 1381 dedimus,
1808 1305 2128 1386 quidquid
2221 1303 2454 1369 deinde

294 1420 328 1464 5
363 1404 708 1484 patiemur,
748 1404 1035 1469 dediticii
1064 1405 1262 1469 vestri
1290 1405 1585 1485 passuri!
1669 1406 1804 1469 Sub
1844 1406 2000 1468 haec
2029 1405 2208 1469 dicta
2230 1425 2454 1469 omnes

366 1523 598 1567 manus
638 1505 720 1567 ad
760 1505 1052 1569 consules
1089 1506 1450 1581 tendentes,
1492 1505 1666 1585 pleni
1704 1505 2119 1568 lacrimarum
2156 1505 2224 1567 in
2262 1505 2456 1568 vesti-

296 1620 331 1663 e
363 1603 517 1667 bulo
581 1606 795 1668 curiae
842 1606 1343 1684 procubuerunt.
1452 1606 1780 1668 Commoti
1844 1612 2063 1684 patres
2128 1605 2268 1669 vice
2329 1604 2455 1668 for-

364 1709 676 1768 tunarum
717 1706 1171 1781 humanarum,
1212 1705 1266 1769 si
1306 1705 1410 1768 ille
1448 1711 1840 1785 praepotens
1881 1705 2114 1784 opibus
2154 1704 2452 1785 populus,

365 1803 623 1867 luxuria
668 1805 1097 1885 superbiaque
1146 1804 1373 1881 clarUS,
1424 1826 1464 1867 a
1512 1825 1641 1885 quo
1690 1804 1886 1885 paulo
1938 1812 2090 1868 ante
2141 1804 2455 1868 auxilium

366 1904 626 1967 finitimi
675 1906 1011 1984 petissent,
1065 1905 1226 1968 adeo
1277 1905 1589 1967 infractos
1640 1910 1887 1984 gereret
1941 1905 2212 1980 animOS,
2264 1909 2341 1968 ut
2389 1924 2459 1967 se

299 2020 331 2066 7
364 2003 503 2082 ipse
546 2024 794 2084 suaque
836 2005 1058 2067 omnia
1101 2005 1448 2084 potestatis
1482 2003 1728 2066 alienae
1761 2003 2022 2067 faceret.
2112 2005 2283 2067 Tum
2319 2003 2451 2066 iam

366 2103 526 2166 fides
578 2103 680 2182 agi
732 2103 889 2180 visa,
944 2103 1199 2167 deditos
1250 2125 1380 2166 non
1431 2104 1618 2183 prodi
1628 2123 1645 2180 3
1696 2124 1813 2167 nec
1867 2103 2197 2167 facturum
2250 2123 2460 2185 aequa

367 2204 760 2267 Samnitium
834 2203 1149 2284 populum
1224 2203 1595 2279 censebant,
1671 2204 1726 2266 si
1801 2223 2029 2282 agrum
2104 2203 2460 2284 urbemque

366 2324 482 2383 per
550 2303 947 2366 deditionem
1018 2303 1262 2366 factam
1332 2302 1556 2383 populi
1628 2302 1911 2365 Romani
1982 2307 2454 2382 oppugnarent.

298 2421 333 2466 8
369 2404 646 2482 Legatos
692 2404 914 2483 itaque
987 2402 1316 2482 extemplo
1390 2402 1603 2480 mitti⁴
1642 2402 1724 2464 ad
1799 2404 2126 2465 Samnites
2189 2401 2456 2482 placuit.

370 2505 549 2566 Data
630 2503 962 2579 mandata,
1050 2510 1125 2566 ut
1207 2523 1426 2583 preces
1492 2503 1993 2582 Campanorum,
2081 2521 2461 2581 responsum

368 2609 635 2666 senatus
696 2604 1017 2666 amicitiae
1076 2604 1468 2666 Samnitium
1530 2622 1796 2677 memor,
1858 2601 2258 2665 deditionem
2318 2621 2464 2681 pos-

301 2722 333 2766 9
368 2709 578 2766 tremo
658 2701 903 2765 factam
983 2703 1385 2765 Samnitibus
1462 2709 1862 2781 exponerent
1873 2723 1889 2778 3
1968 2706 2268 2781 peterent
2346 2721 2463 2781 pro

367 2802 683 2865 societate
723 2803 1158 2883 amicitiaque,
1200 2809 1277 2866 ut
1316 2802 1638 2865 dediticiis
1676 2802 1809 2865 suis
1847 2806 2210 2882 parcerent,
2252 2820 2464 2882 neque

368 2902 437 2964 in
478 2922 629 2964 eum
672 2922 918 2981 agrum,
964 2903 1076 2983 qui
1117 2902 1342 2983 populi
1386 2902 1669 2965 Romani
1711 2902 1924 2965 factus
1965 2907 2155 2979 esset,
2199 2900 2466 2965 hostilia

271 3021 332 3067 10
370 3021 554 3064 arma
618 3002 928 3065 inferrent
940 3023 955 3077 ;
1022 3003 1074 3065 si
1143 3002 1370 3066 leniter
1438 3002 1686 3081 agendo
1752 3022 1985 3082 parum
2052 3002 2460 3082 proficerent,

368 3101 833 3165 denuntiarent
913 3103 1315 3166 Samnitibus
1396 3101 1620 3182 populi
1702 3101 1985 3165 Romani
2065 3108 2465 3181 senatusque

431 3253 484 3305 4.
515 3252 711 3304 itaque
750 3283 763 3297 .
803 3282 818 3297 .
856 3283 872 3299 .
908 3253 1190 3298 dedimus:
1225 3253 1288 3298 ct.
1328 3256 1371 3300 1.

371 3322 447 3365 38.
496 3322 540 3364 2.
621 3320 893 3365 dediticii:
939 3321 1035 3364 “as
1078 3321 1271 3373 subject
1317 3324 1372 3365 to

1469 3255 1612 3299 other
1629 3256 1770 3308 point
1788 3255 1841 3297 of
1857 3253 1997 3301 view.
2048 3252 2468 3306 oppugnarentz

1470 3334 1500 3366 a
1553 3323 1646 3366 fut.
1702 3323 1753 3365 in
1806 3321 1893 3366 the
1938 3322 2044 3366 first
2098 3321 2225 3364 form
2278 3320 2330 3363 oi
2382 3319 2470 3363 the

371 3398 496 3440 your
520 3387 762 3431 control.”

435 3455 484 3496 6.
521 3454 825 3498 commoti:
861 3465 927 3499 sc.
955 3456 1080 3499 sunt.
1149 3454 1372 3499 luxuria

503 3549 516 3563 .
561 3519 768 3565 clarus:
813 3521 898 3564 the
939 3533 1109 3565 source
1150 3523 1202 3564 of
1245 3522 1372 3565 their

372 3586 505 3630 tame
525 3598 627 3630 was
648 3587 734 3631 the
755 3587 985 3631 ultimate
1006 3600 1150 3632 cause
1173 3589 1224 3631 of
1246 3589 1372 3632 their

371 3653 623 3697 weakness
681 3655 776 3703 (32.
833 3656 905 3704 7):
957 3655 1179 3706 superbia
1232 3655 1372 3698 Cam-

372 3731 506 3771 pana
533 3721 735 3764 became
760 3721 1051 3773 proverbial.
1103 3721 1174 3765 Gi.
1194 3723 1240 3765 9.
1260 3722 1305 3765 6.
1325 3723 1370 3766 5.

373 3786 696 3839 potentatu:
725 3786 787 3831 ct.
817 3787 1035 3840 dicionis,
1065 3789 1105 3832 1.
1131 3789 1205 3832 25.
1235 3789 1307 3833 13.

437 3855 487 3897 ’1.
520 3853 675 3905 fides,
710 3858 825 3898 etc.:
859 3854 923 3898 cf.
962 3855 1006 3898 1.
1041 3854 1185 3898 Theh·
1217 3854 1374 3898 honor

373 3930 484 3964 now
507 3919 698 3963 seemed
723 3923 776 3963 to
798 3920 861 3964 be
882 3920 1113 3964 involved
1136 3921 1263 3964 from
1285 3932 1372 3964 an-

1471 3389 1702 3439 thought.

1533 3456 1582 3498 8.
1614 3455 1759 3500 Data
1788 3455 2083 3499 mandata:
2113 3453 2199 3498 the
2219 3453 2472 3497 combina-

1470 3523 1575 3565 tion
1599 3523 1640 3565 is
1663 3526 1750 3565 not
1774 3522 2092 3575 euphoniouS.
2117 3521 2210 3564 but
2232 3521 2272 3564 it
2296 3519 2472 3563 avoids

1470 3589 1697 3631 mandata
1734 3590 1859 3638 data,
1902 3588 2061 3631 which
2101 3587 2298 3630 Roman
2336 3586 2473 3630 rhet-

1470 3655 1679 3698 oricians
1707 3654 1868 3698 would
1899 3655 2027 3698 have
2055 3652 2379 3699 condemned.

1536 3721 1615 3764 lo.
1648 3720 2076 3765 denuntiarent:
2143 3732 2224 3764 see
2289 3730 2356 3763 on
2422 3720 2471 3764 5.

1471 3790 1548 3832 49.
1589 3791 1635 3833 2.
1706 3789 1897 3841 populi
1936 3788 2178 3834 Romam
2216 3787 2475 3832 senatus·

1472 3864 1607 3907 que:
1636 3867 1828 3900 reverse
1856 3857 1910 3899 of
1938 3857 2025 3900 the
2054 3856 2198 3900 usual
2226 3854 2386 3905 order.
2418 3864 2477 3898 as

1475 3926 1527 3965 at
1557 3924 1603 3967 8.
1631 3925 1678 3968 4.
1711 3924 1784 3968 11.
