2975 4367
358 269 510 322 xlvii.
548 268 601 333 6]
1247 266 1482 319 LIBER
1518 266 1546 318 1
2378 270 2445 320 61

360 469 511 513 cum
556 448 786 511 domos
834 466 1074 510 vacuas
1122 466 1294 509 novo
1342 445 1758 509 matrimonio
1805 444 2126 524 fecissent,
2177 448 2455 528 iungun-

362 557 472 614 tur
519 548 784 628 nuptiiS,
838 546 1042 626 magis
1090 568 1222 609 non
1268 546 1655 626 prohibente
1702 546 1925 610 Servio
1974 567 2173 628 quam
2223 546 2458 627 adpro-

365 649 582 712 bante.
928 647 933 650 ’

304 773 328 814 1
490 748 763 811 XLVII.
811 749 980 810 Tum
1035 767 1187 808 vero
1238 746 1306 809 in
1357 746 1495 809 dies
1561 732 1854 809 infestior
1902 745 2073 809 Tulli
2137 753 2455 822 senectuS,

367 849 665 913 infestius
688 848 902 927 coepit
924 867 1193 925 regnum
1221 866 1375 909 esse.
1445 847 1588 908 Iam
1616 846 1789 908 enim
1814 846 1897 908 ab
1918 846 2152 909 scelere
2175 846 2259 909 ad
2284 846 2457 910 aliud

369 956 661 1028 spectare
705 947 935 1009 mulier
960 945 1185 1022 scelus,
1216 966 1332 1008 nec
1361 953 1553 1008 nocte
1589 966 1705 1007 nec
1741 945 2022 1008 interdiu
2071 946 2285 1009 virum
2313 966 2462 1009 con-

372 1049 695 1130 quiescere
743 1048 904 1128 pati,
956 1066 1037 1108 ne
1088 1046 1376 1125 gratuita
1424 1045 1778 1125 praeterita
1827 1046 2171 1125 parricidia
2218 1053 2461 1111 oesent:

307 1172 338 1214 2
370 1171 503 1212 non
561 1148 682 1212 sibi
743 1147 1042 1223 defuisse,
1107 1146 1209 1207 cui
1269 1152 1479 1224 nupta
1539 1144 1878 1222 diceretur,
1941 1165 2058 1208 nec
2121 1165 2271 1208 cum
2331 1166 2462 1227 quo

375 1249 579 1311 tacita
628 1248 898 1312 serviret
909 1268 925 1325 ς
976 1246 1276 1321 defuisse,
1331 1246 1443 1326 qui
1493 1265 1561 1308 se
1611 1265 1805 1325 regno
1856 1245 2127 1326 dignum
2177 1252 2463 1327 putaret,

375 1348 487 1430 qui
523 1348 922 1410 meminisset
957 1366 1024 1421 se
1059 1366 1196 1409 esse
1233 1344 1431 1408 Prisci
1466 1346 1781 1427 Tarquini
1816 1346 2042 1423 filium,
2082 1345 2194 1428 qui
2230 1346 2467 1410 habere

310 1471 340 1514 3
376 1468 576 1530 quam
618 1467 875 1527 sperare
919 1466 1188 1526 regnum
1233 1445 1474 1508 mallet.
1567 1445 1664 1510 ‘Si
1707 1452 1781 1509 tu
1825 1446 1879 1510 is
1921 1467 2009 1524 es,
2049 1447 2152 1509 cui
2188 1453 2468 1527 nuptam

376 1568 512 1612 esse
553 1567 657 1610 me
699 1547 996 1623 arbitror,
1039 1552 1107 1609 et
1149 1546 1362 1608 virum
1401 1553 1471 1609 et
1511 1566 1726 1626 regem
1768 1547 2020 1626 appello
2032 1569 2049 1625 ς
2090 1547 2190 1610 sin
2231 1547 2465 1622 minus,

376 1669 453 1711 eo
506 1668 678 1710 nunc
729 1648 910 1726 peius
961 1652 1221 1708 mutata
1270 1665 1368 1708 res
1417 1653 1537 1723 est,
1590 1647 1766 1727 quod
1816 1647 1960 1710 istic
2012 1667 2160 1708 cum
2210 1646 2472 1725 ignavia

312 1772 343 1813 4
377 1755 476 1811 est
516 1747 742 1810 scelus.
836 1747 1009 1824 Quin
1055 1745 1440 1824 accingeris?
1529 1746 1678 1809 Non
1725 1746 1846 1809 tibi
1883 1747 1967 1809 ab
2004 1746 2315 1810 Corintho
2353 1766 2470 1809 nec

382 1848 465 1911 ab
538 1847 925 1928 Tarquiniis,
995 1852 1074 1909 ut
1143 1845 1315 1925 patri
1385 1851 1522 1923 tuo,
1594 1847 1930 1926 peregrina
1997 1867 2195 1926 regna
2264 1846 2473 1909 moliri

383 1967 638 2011 necesse
681 1954 782 2010 est
792 1967 809 2024 3
862 1946 929 2008 di
974 1952 1040 2009 te
1084 1953 1354 2026 penates
1398 1946 1726 2026 patriique
1778 1954 1846 2009 et
1898 1948 2104 2026 patris
2146 1947 2362 2027 imago
2405 1953 2473 2008 et

382 2048 615 2110 domus
666 2048 840 2127 regia
889 2054 957 2110 et
1007 2045 1075 2109 in
1125 2046 1320 2108 domo
1371 2044 1581 2124 regale
1631 2046 1864 2110 solium
1915 2054 1982 2110 et
2032 2068 2270 2110 nomen
2319 2048 2475 2110 Tar-

317 2175 347 2216 5
383 2148 680 2229 quinium
718 2154 895 2210 creat
933 2153 1256 2227 vocatque
1302 2165 1535 2224 regem.
1627 2146 1763 2209 Aut
1808 2146 1861 2210 si
1908 2147 1990 2210 ad
2037 2148 2195 2210 haec
2241 2166 2475 2226 parum

385 2254 485 2310 est
508 2246 726 2325 animi,
769 2246 927 2328 quid
981 2244 1312 2309 frustraris
1340 2244 1717 2309 civitatem?
1798 2246 1968 2324 Quid
2010 2255 2075 2310 te
2114 2253 2191 2309 ut
2229 2246 2476 2325 regium

387 2348 689 2431 iuvenem
754 2346 1036 2426 conspici
1100 2346 1293 2410 sinis?
1399 2346 1669 2409 Facesse
1733 2346 1882 2409 hinc
1928 2338 2313 2428 Tarquinios
2360 2355 2478 2410 aut

386 2448 792 2524 Corinthum,
845 2446 1189 2509 devolvere
1240 2451 1412 2508 retro
1465 2446 1547 2508 ad
1599 2447 1889 2525 stirpem,
1944 2446 2162 2510 fratris
2212 2445 2479 2510 similio'r

317 2573 351 2616 o
386 2568 588 2629 quam
626 2547 874 2627 patris'.
965 2547 1086 2611 His
1125 2545 1393 2626 aliisque
1432 2545 1827 2624 increpando
1868 2547 2170 2609 iuvenem
2209 2546 2481 2626 instigat

387 2668 505 2711 nec
562 2648 1011 2727 conquiescere
1067 2646 1209 2725 ipsa
1264 2651 1504 2723 potest,
1563 2645 1637 2720 si,
1696 2664 1846 2707 cum
1902 2646 2243 2727 Tanaquil,
2303 2665 2482 2726 pere-

386 2747 572 2828 grina
631 2747 878 2834 mulier,
940 2753 1206 2809 tantum
1267 2744 1473 2806 moliri
1534 2745 1855 2824 potuisset
1914 2746 2154 2822 animo,
2214 2754 2292 2810 ut
2350 2747 2480 2809 duo

388 2848 701 2911 continua
751 2867 948 2926 regna
976 2846 1138 2909 .viro
1193 2866 1267 2908 ac
1320 2845 1622 2922 deinceps
1674 2865 1907 2924 genero
1960 2846 2263 2922 dedisset,
2319 2848 2480 2927 ipsa,

386 3067 594 3117 venting
627 3068 666 3110 it
702 3067 868 3110 rather
902 3066 1024 3109 than
1059 3063 1387 3117 approving;”

392 3134 623 3187 parental
652 3134 1013 3183 acquiescence.

455 3200 662 3243 XLVII.
700 3200 748 3243 1.
781 3199 1037 3243 intentior
1095 3229 1109 3243 .
1168 3216 1208 3242 .·
1240 3228 1254 3242 .
1306 3199 1391 3242 in-

389 3269 615 3313 festius}
634 3268 826 3319 passive
841 3268 893 3309 in
911 3278 1063 3310 sense.
1114 3267 1389 3318 gratuita:

393 3336 488 3378 “to
513 3346 577 3377 no
604 3334 864 3387 purpose.”

456 3403 506 3445 2.
540 3403 632 3446 oui
686 3431 699 3445 .
754 3431 767 3445 .
822 3430 835 3444 .
885 3402 1185 3445 diceretur:
1231 3401 1309 3444 Le.
1361 3412 1391 3443 a

391 3470 620 3513 husband
672 3470 724 3513 in
774 3479 906 3511 mere
956 3479 1103 3511 name
1151 3469 1250 3511 had
1302 3472 1389 3511 not

391 3537 518 3580 been
547 3536 758 3587 lacking.
820 3536 1077 3579 serviret:
1107 3535 1194 3578 her
1223 3535 1392 3578 dream

389 3614 494 3647 was
518 3604 571 3646 of
594 3604 827 3654 reigning.

456 3672 507 3713 8.
539 3670 691 3713 istie:
724 3671 814 3713 “in
842 3669 994 3721 you.”

458 3738 507 3780 4.
542 3738 706 3788 quin:
734 3754 777 3769 =
805 3737 886 3779 old
917 3738 1149 3788 interrog.
1180 3737 1265 3788 qui
1294 3738 1391 3780 and

390 3816 454 3848 ne
490 3804 644 3853 (non),
680 3804 833 3855 “why
863 3804 1003 3847 not.”
1066 3804 1393 3855 accingeris:

392 3871 580 3918 middle
629 3870 787 3921 voice:
839 3872 966 3915 after
1015 3871 1147 3925 quin,
1200 3882 1280 3917 see
1329 3882 1393 3916 on

1487 3065 1533 3108 9.
1570 3067 1639 3108 18.
1677 3068 1747 3109 11.

1552 3135 1600 3176 δ.
1633 3133 1945 3179 frustraris:
1976 3136 2061 3178 she
2092 3137 2345 3179 conceives
2375 3136 2486 3179 that

1489 3199 1575 3242 the
1617 3202 1818 3243 citizens
1860 3206 2035 3254 expect
2077 3203 2211 3246 what
2255 3203 2341 3245 she
2382 3203 2489 3246 her-

1489 3266 1580 3308 self
1609 3267 1761 3319 hopes
1792 3270 1881 3311 for.
1946 3270 2168 3320 regium
2197 3269 2489 3314 iuvenem:

1492 3335 1562 3375 “a
1590 3335 1807 3385 prince.''
1868 3337 1958 3379 See
1985 3347 2050 3378 on
2078 3337 2303 3384 caritatis,
2338 3338 2413 3380 34.
2442 3338 2488 3379 5.

1488 3403 1704 3453 imago:
1736 3414 1815 3445 see
1844 3414 1909 3445 on
1941 3405 2016 3446 34.
2050 3404 2094 3446 6.
2158 3403 2389 3446 facesse:
2421 3414 2487 3446 sc.

1491 3473 1546 3514 te.
1624 3470 1753 3513 Note
1795 3471 1880 3513 the
1921 3471 2165 3515 intensive
2207 3471 2489 3513 formation.

1492 3537 1782 3580 devolvere
1807 3538 1979 3581 retro:
2006 3537 2229 3580 followed
2257 3538 2325 3588 by
2350 3540 2415 3581 ad
2441 3555 2483 3569 =

1495 3605 1643 3647 “sink
1678 3605 1805 3647 back
1839 3608 1892 3647 to
1926 3605 2012 3648 the
2043 3604 2167 3647 level
2202 3604 2303 3647 of.''

1557 3674 1605 3714 6.
1639 3671 1868 3715 nullum
1920 3672 2284 3715 momentum
2339 3701 2353 3714 .
2410 3700 2423 3714 .
2480 3700 2493 3713 .

1492 3738 1723 3780 taceret:
1750 3738 1918 3780 “have
1941 3749 2005 3779 no
2028 3737 2262 3788 weight;'’
2285 3737 2492 3781 Indirect

1494 3805 1723 3854 thought.
