2975 4367
545 364 645 416 100
1448 359 1515 415 Τ.
1552 359 1713 414 LIVI
2427 360 2564 426 [xlv.
2603 365 2638 415 4

540 542 791 623 puellae
848 563 1031 619 avus,
1087 547 1156 605 et
1210 562 1488 624 sponsus
1544 539 1764 605 Icilius
1818 540 2264 605 interveniunt
2275 563 2291 619 3
2346 539 2636 623 dataque

473 661 506 705 5
539 641 709 705 inter
763 634 1029 706 turbam
1087 641 1216 719 via,
1275 662 1425 705 cum
1484 641 1841 704 multitudo
1902 640 2042 704 Icili
2100 642 2382 705 maxime
2440 641 2638 705 inter-

541 748 745 805 ventu
797 741 1007 807 resisti
1059 761 1249 822 posse
1301 741 1517 823 Appio
1570 741 1881 817 crederet,
1936 739 2125 804 lictor
2175 740 2465 805 decresse
2521 742 2636 819 ait,

473 859 506 902 c
540 835 1137 923 vociferantemque
1202 840 1456 905 Icilium
1520 840 1890 905 submovet.
1983 839 2321 904 Placidum
2377 862 2638 923 quoque

539 941 869 1024 ingenium
905 948 1047 1006 tam
1084 948 1277 1006 atrox
1311 941 1548 1005 iniuria
1575 940 1996 1005 accendisset.
2082 942 2098 970 ‘
2115 942 2308 1003 Ferro
2338 941 2486 1004 hinc
2516 942 2638 1005 tibi

538 1042 1026 1107 submovendus
1059 1063 1227 1120 sum,
1257 1041 1473 1122 Appi'‚
1503 1041 1739 1122 inquit,
1771 1042 1879 1105 ‘ut
1914 1040 2195 1104 tacitum
2232 1041 2420 1120 feras,
2460 1042 2635 1123 quod

539 1141 730 1206 celari
767 1142 884 1206 vis.
972 1142 1303 1224 Virginem
1339 1162 1458 1221 ego
1497 1143 1664 1204 hanc
1701 1162 1849 1205 sum
1869 1141 2191 1227 ducturus
2228 1147 2639 1224 nuptamque

476 1260 507 1306 ⁷
538 1242 845 1325 pudicam
901 1242 1264 1306 habiturus.
1362 1241 1643 1305 Proinde
1683 1261 1911 1304 omnes
1953 1239 2344 1322 collegarum
2378 1262 2639 1324 quoque

541 1341 796 1406 lictores
855 1362 1171 1420 convoca;
1223 1341 1516 1423 expediri
1575 1340 1788 1422 virgas
1843 1348 1913 1405 et
1963 1361 2218 1405 secures
2275 1342 2426 1405 iube
2436 1364 2452 1420 3
2507 1364 2639 1406 non

474 1461 507 1506 8
540 1443 832 1506 manebit
877 1449 1069 1507 extra
1111 1442 1383 1506 domum
1430 1441 1638 1522 patris
1683 1462 1926 1521 sponsa
1972 1440 2132 1504 Icili.
2224 1442 2394 1521 Non,
2434 1443 2488 1507 si
2525 1442 2641 1506 tri-

540 1542 874 1605 bunicium
937 1542 1252 1605 auxilium
1311 1549 1379 1605 et
1441 1541 1979 1622 provocationem
2039 1539 2212 1621 plebi
2275 1542 2636 1620 Romanae,

539 1642 704 1706 duas
754 1662 931 1706 arces
980 1642 1300 1705 libertatis
1349 1641 1657 1718 tuendae,
1711 1640 2066 1718 ademistis,
2104 1640 2250 1704 ideo
2301 1641 2369 1705 in
2407 1641 2640 1707 liberos

540 1763 799 1823 quoque
872 1748 1129 1806 nostros
1202 1741 1635 1821 coniugesque
1707 1760 1980 1821 regnum
2055 1746 2311 1804 vestrae
2388 1740 2639 1806 libidini

474 1862 506 1906 9
538 1842 771 1905 datum
825 1849 944 1905 est.
1035 1843 1295 1906 Saevite
1349 1841 1417 1904 in
1471 1847 1729 1923 tergum
1784 1846 1852 1904 et
1906 1838 1977 1903 in
2032 1840 2312 1904 cervices
2349 1849 2637 1919 nostras3

539 1942 857 2023 pudicitia
898 1941 1133 2005 saltem
1176 1941 1245 2005 in
1288 1947 1438 2004 tuto
1482 1940 1596 2003 sit!
1685 1939 1857 2003 Huic
1901 1938 1957 2003 si
2001 1939 2101 2003 vis
2138 1940 2489 2019 adferetur,
2520 1962 2640 2023 ego

541 2042 979 2122 praesentium
1041 2040 1393 2119 Quiritium
1453 2061 1571 2122 pro
1630 2061 1890 2120 sponsa,
1952 2039 2295 2120 Verginius
2355 2040 2640 2105 militum

542 2161 658 2221 pro
719 2142 912 2206 unica
970 2141 1121 2218 filia,
1184 2161 1409 2205 omnes
1470 2140 1742 2204 deorum
1802 2139 2274 2221 hominumque
2335 2141 2642 2222 implora-

542 2240 756 2304 bimus
813 2241 1030 2319 fidem,
1089 2261 1300 2322 neque
1358 2247 1436 2304 tu
1493 2241 1671 2303 istud
1731 2260 2049 2321 umquam
2107 2240 2444 2327 decretum
2502 2242 2640 2306 sine

447 2362 507 2406 10
542 2341 737 2404 caede
777 2348 1002 2405 nostra
1041 2342 1293 2404 referes
1384 2340 1676 2417 Postulo,
1711 2339 1905 2421 Appi,
1947 2339 2152 2405 etiam
2194 2348 2395 2422 atque
2435 2342 2640 2406 etiam

447 2463 503 2506 11
542 2441 922 2518 considereS‚
975 2463 1105 2523 quo
1156 2440 1585 2522 progrediare.
1674 2440 2017 2520 Verginius
2066 2440 2304 2505 viderit
2354 2442 2435 2505 de
2485 2441 2637 2520 filia,

543 2541 655 2603 ubi
699 2542 969 2618 venerit,
1017 2541 1175 2622 quid
1222 2548 1375 2621 agat
1385 2561 1401 2618 3
1447 2542 1569 2604 hoc
1614 2546 1881 2603 tantum
1923 2539 2111 2618 sciat,
2156 2541 2301 2618 sibi,
2348 2541 2403 2605 si
2449 2543 2640 2606 huius

545 2640 840 2704 vindiciis
899 2642 1179 2718 cesserit,
1243 2640 1689 2704 condicionem
1748 2639 1917 2703 filiae
1977 2640 2420 2721 quaerendam
2480 2663 2636 2706 esse.

545 2741 648 2803 Me
678 2741 1120 2804 vindicantem
1149 2761 1457 2821 sponsam
1488 2740 1557 2802 in
1587 2739 1959 2803 libertatem
1992 2740 2134 2803 vita
2163 2741 2355 2804 citius
2386 2741 2640 2807 deseret

544 2861 742 2922 quam
783 2841 982 2904 fides)

481 2965 504 3007 1
667 2941 904 3003 XLVI.
953 2941 1297 3004 Concitata
1324 2940 1681 3004 multitudo
1717 2946 1879 3017 erat,
1911 2947 2371 3022 certamenque
2399 2942 2642 3007 instare

544 3041 908 3105 videbatur.
1000 3041 1286 3104 Lictores
1349 3041 1603 3103 Icilium
1661 3040 2255 3117 circumsteterant;
2309 3062 2425 3104 nec
2471 3041 2646 3107 ultra

479 3165 510 3208 2
543 3141 752 3204 minas
808 3148 1031 3204 tamen
1062 3161 1433 3220 processum
1477 3148 1597 3215 est,
1631 3161 1781 3204 cum
1814 3140 2063 3220 Appius
2109 3162 2240 3203 non
2269 3141 2643 3222 Verginiam

606 3295 655 3337 δ.
688 3292 870 3336 resisti
914 3322 927 3336 .
971 3322 985 3336 .
1028 3322 1042 3336 .
1080 3292 1282 3343 Appio:
1314 3291 1546 3344 “Appius
1709 3291 1788 3336 11.
1821 3291 2050 3337 viderit:
2087 3291 2157 3345 pf.
2195 3291 2325 3345 subj.
2363 3293 2415 3337 in
2450 3294 2643 3339 excited

544 3359 688 3402 could
724 3360 786 3402 be
820 3360 1086 3403 checked.'’
1155 3359 1424 3403 decresse:
1460 3359 1547 3402 the
1645 3360 1960 3405 exhortation
2001 3362 2099 3409 (see
2132 3372 2196 3404 on
2237 3364 2277 3405 1.
2315 3363 2390 3405 23.
2426 3363 2501 3413 8):
2535 3373 2647 3415 Dro-

546 3427 729 3470 lictor's
771 3431 898 3471 terse
941 3431 1227 3478 statement,
1250 3427 1460 3477 decrevit,
1492 3438 1547 3470 or
1646 3427 1856 3471 bibition
1876 3428 1998 3471 wlth
2019 3428 2119 3472 this
2140 3431 2279 3473 tense
2297 3429 2339 3472 is
2359 3439 2495 3473 more
2515 3440 2648 3472 oom-

546 3494 768 3546 Appium
809 3495 912 3538 iam
942 3494 1209 3544 decrevisse,
1243 3504 1345 3535 was
1376 3497 1546 3536 meant
1646 3505 1778 3539 mon.
1850 3495 1918 3538 de
1955 3494 2091 3547 fllia..
2130 3499 2246 3540 etc.:
2286 3496 2373 3539 the
2410 3496 2648 3549 prolepsis

544 3563 599 3603 to
645 3560 708 3604 be
746 3560 877 3604 final.
1646 3561 1805 3605 shows
1831 3561 1908 3604 his
1935 3561 2093 3607 haste.
2156 3562 2412 3613 Verginius
2439 3563 2536 3607 will
2564 3567 2645 3607 act

609 3629 657 3670 6.
691 3626 981 3671 Placidum
1034 3635 1284 3679 quoque:
1342 3631 1399 3671 to
1456 3639 1548 3680 say
1647 3630 1774 3671 from
1834 3639 1866 3672 a
1925 3628 2130 3673 father’s
2190 3631 2331 3682 point
2394 3630 2446 3673 ot
2505 3631 2646 3682 vlew,

544 3695 755 3745 nothing
783 3695 834 3736 of
865 3694 1041 3745 Icssius,
1074 3695 1185 3737 who
1213 3706 1314 3737 was
1342 3695 1417 3738 vir
1443 3705 1550 3737 acer
1648 3696 1813 3739 Icilius
1879 3697 2005 3739 from
2072 3707 2103 3740 a
2168 3695 2361 3741 lover’S.
2461 3697 2649 3742 eondi-

552 3763 647 3812 (44.
685 3762 754 3808 3).
823 3762 1069 3805 tacitum
1101 3761 1272 3805 teras:
1307 3772 1374 3805 sc.
1409 3762 1485 3811 id:
1519 3772 1549 3804 a
1647 3764 1892 3808 cionem:
1925 3764 2184 3808 “match.”

546 3827 915 3878 conoquialism.
960 3828 1081 3879 “get
1122 3829 1193 3872 off
1231 3829 1441 3872 without
1482 3830 1550 3871 its
1708 3830 1890 3875 XLVI.
1933 3832 1983 3874 2.
2021 3830 2387 3877 tribunatum
2416 3862 2430 3876 .
2460 3862 2474 3876 .
2504 3863 2519 3876 .
2542 3832 2651 3885 191-

547 3894 694 3946 being
721 3895 1031 3938 commented
1058 3896 1244 3947 upon.”
1647 3899 1896 3943 tantem:
1938 3901 1992 3941 to
2006 3899 2093 3942 the
2113 3900 2398 3943 aristoerats
2421 3899 2509 3944 the
2530 3900 2652 3945 trib-

607 3962 660 4006 0.
690 3961 916 4005 referet:
943 3962 1166 4014 “repeat.
1193 3962 1334 4007 insist
1360 3962 1548 4015 upon.”
1649 3974 1769 4008 unes
1794 3975 1919 4009 were
1945 3964 2310 4010 “anarchum”
