2975 4367
557 250 656 303 102
1425 247 1494 305 Τ.
1531 246 1691 303 LIVI

2380 246 2540 316 [xlvi.
2581 251 2617 304 9

522 429 871 505 videretur,
917 434 1269 509 postquam
1312 428 1566 494 omissis
1610 430 1800 494 rebus
1845 428 1985 494 aliis
2028 450 2183 510 prae
2226 451 2382 494 cura
2423 432 2616 495 unius

520 548 712 592 nemo
768 528 1014 605 adibat,
1072 528 1343 591 domum
1396 549 1464 592 se
1520 531 1781 610 recepit,
1840 530 2225 611 collegisque
2279 529 2347 593 in
2402 538 2617 594 castra

518 629 764 705 scribit,
819 648 901 691 ne
954 627 1255 708 Verginio
1309 637 1751 693 commeatum
1804 630 1984 707 dent,
2042 637 2241 711 atque
2293 631 2495 694 etiam
2548 631 2616 696 in

423 740 483 782 10
518 728 819 792 custodia
843 728 1150 791 habeant.
1225 729 1609 808 Improbum
1632 730 1972 793 consilium
1994 750 2229 807 serum,
2260 737 2337 793 ut
2364 731 2613 808 debuit,

521 829 667 905 fuit,
701 835 769 891 et
802 829 932 891 iam
966 835 1337 892 commeatu
1369 836 1636 909 sumpto
1669 830 1999 909 profectus
2032 830 2371 910 Verginius
2403 831 2617 910 prima

521 928 741 1008 vigilia
769 935 931 1005 erat,
966 949 1115 990 cum
1147 937 1406 1008 postero
1438 929 1543 992 die
1575 949 1767 992 mane
1798 928 1879 992 de
1910 929 2250 992 retinendo
2280 950 2358 993 eo
2389 931 2617 1011 nequi-

521 1049 719 1109 quam
761 1026 1016 1092 litterae
1055 1028 1435 1109 redduntur.

458 1143 482 1184 1
646 1129 920 1191 XLVII.
969 1129 1058 1191 At
1103 1128 1171 1191 in
1215 1129 1374 1192 urbe
1433 1130 1648 1210 prima
1705 1128 1844 1194 luce
1890 1151 2040 1194 cum
2086 1131 2318 1195 civitas
2363 1130 2431 1195 in
2475 1131 2615 1194 foro

518 1229 976 1310 expectatione
1031 1236 1249 1293 erecta
1302 1237 1531 1307 staret,
1590 1231 1930 1310 Verginius
1985 1231 2357 1294 sordidatus
2415 1230 2615 1294 filiam

519 1350 740 1393 secum
769 1328 1021 1393 obsolet
1051 1337 1294 1407 aveste,
1320 1329 1791 1394 comitantibus
1819 1329 2070 1411 aliquot
2098 1331 2434 1407 matronis,
2465 1351 2616 1393 cum

455 1445 487 1486 2
522 1429 854 1508 ingentiad
896 1429 1238 1493 vocatione
1282 1429 1349 1492 in
1393 1430 1609 1493 forum
1645 1429 1928 1493 deducit.
2019 1429 2369 1493 Circumire
2412 1429 2503 1503 ibi
2546 1437 2616 1493 et

522 1550 824 1609 prensare
868 1529 1162 1593 homines
1206 1530 1440 1610 coepit,
1486 1537 1556 1593 et
1601 1551 1732 1592 non
1776 1551 1959 1593 orare
2002 1529 2213 1593 solum
2257 1531 2616 1610 precariam

519 1650 733 1710 opem,
788 1631 901 1693 sed
955 1651 1073 1710 pro
1126 1629 1351 1693 debita
1402 1636 1648 1709 petere:
1702 1650 1770 1692 se
1822 1651 1938 1710 pro
1995 1629 2208 1694 liberis
2260 1650 2483 1693 eorum
2539 1652 2614 1694 ac

523 1729 903 1810 coniugibus
947 1729 1217 1792 cottidie
1260 1728 1327 1792 in
1372 1730 1507 1793 acie
1549 1737 1743 1806 stare,
1789 1750 1907 1793 nec
1953 1728 2150 1793 alium
2198 1729 2411 1792 virum
2454 1751 2613 1807 esse,

522 1829 704 1892 cuius
750 1837 1013 1893 strenue
1060 1850 1134 1892 ac
1182 1829 1438 1892 fortiter
1484 1829 1663 1893 facta
1708 1829 1776 1892 in
1823 1829 1990 1893 bello
2036 1830 2225 1910 plura
2270 1831 2616 1893 memorari

521 1936 786 2009 possent
796 1950 812 2007 ;
873 1929 1029 2010 quid
1089 1929 1410 2009 prodesse,
1471 1930 1527 1993 si
1584 1929 1891 1993 incolumi
1949 1930 2128 2006 urbe,
2191 1950 2359 2011 quae
2419 1937 2618 2010 capta

457 2046 486 2088 3
521 2028 755 2092 ultima
788 2030 1165 2105 timeantur,
1194 2029 1405 2093 liberis
1439 2030 1572 2093 suis
1605 2030 1738 2112 sint
1771 2030 2122 2109 patienda?
2208 2030 2387 2093 Haec
2411 2049 2616 2110 prope

520 2129 1090 2193 contionabundus
1172 2130 1555 2193 circumibat
1621 2130 1932 2193 homines.
2024 2129 2270 2193 Similia
2349 2130 2448 2193 his
2530 2130 2613 2193 ab

453 2248 486 2288 4
521 2228 702 2292 Icilio
724 2230 1162 2293 iactabantur.
1252 2230 1621 2293 Comitatus
1659 2229 1988 2293 muliebris
2026 2229 2172 2310 plus
2211 2230 2415 2293 tacito
2456 2230 2615 2293 fletu

520 2350 720 2410 quam
750 2329 884 2393 ulla
911 2351 1044 2392 vox
1067 2330 1397 2393 movebat.
1488 2329 1818 2393 Adversus
1841 2351 2010 2411 quae
2033 2329 2254 2393 omnia
2275 2330 2612 2393 obstinato

521 2430 739 2493 animo
776 2431 1028 2511 Appius
1053 2465 1136 2474 —
1159 2437 1352 2494 tanta
1387 2430 1487 2493 vis
1525 2430 1850 2493 amentiae
1887 2431 2101 2493 verius
2137 2450 2338 2510 quam
2374 2431 2615 2493 amoris

519 2538 806 2593 mentem
884 2530 1270 2594 turbaverat
1296 2565 1378 2573 —
1401 2530 1469 2592 in
1546 2529 1833 2592 tribunal
1910 2530 2216 2606 escendit,
2296 2536 2363 2592 et
2441 2529 2614 2593 ultro

519 2637 831 2710 querente
873 2651 1085 2711 pauca
1127 2631 1425 2711 petitore,
1472 2630 1648 2710 quod
1693 2630 1792 2693 ius
1834 2630 1957 2693 sibi
2001 2630 2206 2710 pridie
2249 2650 2364 2710 per
2407 2630 2614 2692 ambi-

518 2731 764 2793 tionem
819 2730 1070 2795 dictum
1126 2752 1257 2793 non
1310 2737 1500 2806 esset,
1558 2730 1938 2810 priusquam
1995 2737 2111 2793 aut
2166 2729 2269 2793 ille
2323 2729 2615 2810 postula-

516 2835 660 2893 tum
711 2837 1046 2911 perageret
1097 2837 1213 2893 aut
1262 2829 1565 2910 Verginio
1615 2830 2047 2910 respondendi
2096 2829 2363 2893 daretur
2410 2829 2610 2906 locu5‚

580 3040 660 3083 1⁰.
693 3039 1033 3083 redduntur:
1088 3039 1168 3082 “is
1219 3037 1517 3089 delivered‚”
1615 3014 1793 3082 done.”
1880 3038 2160 3090 prodesse:
2221 3039 2306 3088 (sc.
2360 3037 2472 3090 iis).·
2527 3038 2615 3082 the

515 3108 593 3150 Le.
618 3108 762 3157 given
785 3118 852 3158 up
876 3111 929 3149 to
952 3107 1036 3149 the
1058 3117 1152 3150 one
1174 3106 1452 3149 addressed.

580 3173 787 3217 XLVII.
824 3174 872 3216 1.
906 3173 1242 3224 sordidatus.
1284 3178 1397 3216 etc.:
1437 3184 1518 3216 see

515 3251 578 3283 on
629 3244 669 3285 1.
720 3242 791 3285 10.
842 3242 882 3284 1.
960 3240 1260 3284 matronis:
1306 3240 1517 3291 perhaps

515 3308 728 3358 brought
759 3311 813 3350 to
842 3318 996 3359 prove
1024 3307 1110 3350 the
1137 3308 1517 3350 circumstances

513 3376 567 3418 of
602 3375 871 3425 Verginia’s
905 3375 1056 3418 birth.
1123 3374 1517 3418 advocatione:

523 3460 567 3476 =
593 3442 897 3485 multitudine
924 3443 1267 3485 advoc-ntorum.

576 3511 627 3552 2.
662 3510 993 3561 precariam:
1088 3519 1144 3551 as
1238 3509 1518 3558 something

514 3576 720 3627 granted
755 3577 806 3618 in
840 3586 1027 3619 answer
1060 3580 1114 3618 to
1147 3575 1223 3618 his
1255 3586 1432 3626 preces:
1464 3577 1514 3618 in

512 3644 794 3695 opposition
837 3646 890 3685 to
932 3653 1019 3693 pro
1058 3643 1212 3685 debita
1259 3644 1343 3691 (sc.
1387 3643 1514 3693 ope).

512 3709 688 3754 taeta:
726 3710 1052 3757 substantive,
1093 3710 1184 3752 but
1223 3709 1308 3752 the
1345 3709 1514 3752 verbal

512 3777 623 3820 idea
660 3778 701 3819 is
737 3779 932 3828 present
971 3776 1190 3827 strongly
1230 3776 1421 3825 enough
1460 3779 1515 3818 to

510 3844 687 3898 justify
710 3843 795 3886 the
817 3843 1049 3891 adverbs;
1070 3842 1297 3894 literally.
1324 3842 1515 3886 “deeds

1614 3105 1874 3148 rhetorical
1912 3107 2138 3155 question
2173 3106 2214 3148 is
2250 3106 2507 3157 expressed
2544 3106 2613 3158 by

1615 3172 1700 3215 the
1727 3173 1863 3216 infin.
1892 3173 1944 3215 ln
1970 3173 2113 3216 indit.
2142 3173 2260 3216 disc.
2321 3173 2385 3223 8¹,
2415 3177 2531 3216 etc.:
2560 3191 2604 3207 ¹-

1613 3239 1658 3282 si
1707 3239 1938 3282 incolumi
1991 3240 2102 3281 urbe
2152 3250 2207 3282 ea
2246 3240 2415 3282 ultima
2453 3240 2615 3283 liberie

1613 3307 1717 3350 suis
1754 3306 1851 3349 sint
1889 3306 2129 3357 patienda,
2170 3316 2289 3357 quae
2325 3308 2464 3357 capta
2501 3308 2615 3351 urbe

1612 3374 1881 3417 timeantur.

1675 3442 1726 3484 4.
1760 3440 1885 3493 plus
1936 3469 1950 3484 .
2000 3470 2015 3484 .
2065 3469 2079 3484 .
2126 3440 2415 3484 movebat:
2461 3441 2614 3492 “pro-

1613 3508 1770 3551 duced
1795 3518 1930 3551 more
1952 3507 2148 3551 effect.''
2203 3508 2387 3550 verius
2411 3515 2612 3559 quam:

1615 3576 1839 3624 frequent
1882 3575 1934 3616 in
1977 3575 2103 3625 Livy
2144 3574 2219 3616 for
2259 3573 2412 3624 mam‘e
2451 3584 2610 3624 quam.

1614 3642 1686 3685 Cf.
1713 3643 1758 3684 9.
1791 3643 1863 3685 17.
1895 3643 1967 3684 16.
2026 3640 2201 3685 ultro:
2227 3651 2305 3684 see
2329 3650 2395 3682 on
2425 3642 2465 3684 1.
2492 3642 2537 3684 5.
2566 3642 2610 3685 3.

1611 3710 1701 3753 ius
1736 3707 1842 3752 sibi
1882 3737 1896 3750 .
1936 3737 1949 3751 .
1989 3737 2002 3750 .
2038 3707 2281 3751 dictum:
2318 3707 2387 3749 “a
2420 3707 2611 3751 verdict

1610 3776 1662 3820 ln
1692 3775 1768 3817 his
1798 3774 1992 3818 favor.''
2056 3774 2126 3817 Cf.
2158 3775 2235 3817 45.
2267 3775 2296 3817 3
2326 3772 2425 3816 and
2455 3775 2533 3817 46.
2565 3776 2611 3818 3.
