2975 4367
419 265 615 321 xxxiii.
656 264 741 330 14]
1281 261 1519 317 LIBER.
1553 261 1664 318 VII
2420 266 2522 318 135

421 449 752 528 augebant
790 467 1000 510 novae
1036 467 1137 510 res
1175 455 1395 526 gestae
1430 455 1501 511 et
1538 467 1782 527 paucos
1821 453 1974 509 ante
2011 445 2149 510 dies
2188 445 2520 526 geminata

421 549 715 625 victoria,
796 548 1112 610 Romanis
1190 557 1419 610 contra
1497 547 2121 629 quadringentorum
2201 566 2520 609 annorum

355 664 384 705 ⁷
417 648 656 712 decora
686 654 755 711 et
789 647 1091 710 conditae
1123 647 1269 709 urbi
1305 647 1597 728 aequalis
1631 646 1932 723 victoria;
1966 646 2260 726 utrisque
2295 653 2521 709 tamen

418 769 631 811 novus
679 747 885 811 hostis
932 767 1156 810 curam
1205 746 1511 810 addebat.
1603 746 1832 826 Pugna
1877 746 2115 809 indicio
2163 746 2309 823 fuit,
2358 766 2521 826 quos

419 848 733 928 gesserint
766 848 1016 910 animos
1026 867 1044 924 3
1076 867 1360 927 namque
1392 848 1488 911 ita
1521 848 1972 914 conflixerunt.
2007 852 2083 908 ut
2116 845 2520 926 aliquamdiu

354 963 385 1006 8
418 948 487 1011 in
528 954 831 1011 neutram
870 954 1127 1027 partem
1166 946 1554 1010 inclinarent
1595 948 1782 1011 acies.
1849 947 2019 1008 Tum
2061 945 2284 1008 consul
2325 946 2522 1025 trepi-

419 1047 757 1111 dationem
789 1046 1178 1110 iniciendam
1212 1054 1415 1123 ratu8,
1450 1047 1716 1128 quando
1748 1046 1814 1108 vi
1844 1045 1995 1127 pelli
2026 1066 2158 1108 non
2188 1051 2516 1125 poterant,

421 1148 755 1229 equitibus
814 1147 1120 1209 immissis
1178 1147 1444 1209 turbare
1506 1148 1718 1227 prima
1776 1146 1962 1225 signa
2020 1146 2310 1208 hostium
2371 1166 2523 1208 con-

355 1264 386 1305 9
422 1254 591 1310 atur.
682 1246 860 1321 Quos
940 1247 1052 1309 ubi
1132 1248 1533 1326 nequiquam
1595 1245 2078 1310 tumultuantes
2156 1245 2220 1307 in
2302 1245 2517 1325 spatio

421 1347 656 1425 exiguo
701 1344 961 1409 volvere
1003 1353 1255 1409 turmas
1298 1346 1465 1409 vidit
1510 1367 1627 1410 nec
1669 1366 1857 1426 posse
1901 1346 2145 1426 aperire
2188 1345 2256 1406 in
2299 1345 2519 1407 hostes

425 1445 622 1522 viam,
660 1453 959 1509 revectus
995 1446 1077 1509 ad
1116 1447 1575 1525 antesignanos
1610 1445 1933 1525 legionum
1971 1464 2121 1508 cum
2157 1443 2518 1507 desiluisset

325 1564 387 1605 ιο
420 1565 503 1608 ex
556 1565 746 1625 equ0,
805 1546 1163 1608 ‘nostrum’
1219 1545 1434 1625 inquit
1489 1545 1818 1626 ‘peditum
1872 1544 2051 1620 illud,
2108 1544 2364 1620 milites,
2420 1550 2520 1606 est

423 1665 615 1724 opus:
671 1644 1023 1724 agitedum,
1080 1651 1156 1707 ut
1211 1665 1313 1708 me
1368 1645 1679 1722 videritiS,
1736 1664 2150 1726 quacumque
2202 1645 2519 1706 incessero

423 1746 492 1806 in
531 1745 737 1808 aciem
776 1744 1083 1821 hostium,
1125 1744 1292 1807 ferro
1333 1746 1508 1807 viam
1548 1745 1917 1821 facientem,
1956 1745 2047 1807 sic
2088 1764 2204 1824 pro
2241 1764 2310 1807 se
2350 1745 2522 1824 quis-

425 1864 552 1925 que
587 1844 818 1906 obvios
853 1845 1123 1906 sternite
1134 1865 1151 1921 ;
1188 1844 1297 1908 illa
1329 1846 1571 1922 omnia,
1610 1866 1744 1925 qua
1777 1865 1950 1907 nunc
1985 1851 2240 1907 erectae
2276 1845 2521 1907 micant

326 1964 385 2004 11
423 1945 673 2019 hastae,
717 1944 1056 2023 patefacta
1094 1951 1309 2022 strage
1352 1951 1545 2007 vasta
1584 1945 1900 2008 cernetis)
1989 1945 2119 2008 Vix
2159 1945 2317 2007 haec
2345 1943 2524 2006 dicta

424 2043 717 2119 dederat,
758 2064 908 2105 cum
944 2044 1198 2123 equites
1236 2043 1515 2106 consulis
1553 2045 1731 2106 iussu
1768 2044 2139 2107 discurrunt
2178 2045 2245 2106 in
2282 2063 2526 2106 cornua

427 2142 914 2223 legionibusque
959 2144 1026 2204 in
1069 2142 1351 2205 mediam
1396 2143 1601 2206 aciem
1646 2145 1948 2223 aperiunt
1993 2145 2189 2206 viam.
2270 2143 2525 2206 Primus

425 2244 720 2305 omnium
764 2242 989 2305 consul
1032 2243 1288 2305 invadit
1332 2244 1611 2319 hostem,
1658 2250 1746 2319 et,
1794 2264 1943 2306 cum
1990 2264 2119 2324 quo
2164 2244 2333 2306 forte
2376 2264 2528 2305 con-

327 2363 390 2404 12
425 2342 580 2406 tulit
621 2342 916 2421 gradum,
960 2343 1331 2405 obtruncat.
1424 2344 1567 2406 Hoc
1607 2342 1979 2422 spectaculo
2017 2343 2268 2406 accensi
2293 2342 2530 2405 dextra

426 2441 745 2522 laevaque
792 2449 944 2505 ante
989 2462 1056 2505 se
1102 2443 1375 2522 quisque
1422 2442 1919 2505 memorandum
1965 2442 2283 2522 proelium
2330 2443 2521 2506 cient.

426 2543 622 2605 Stant
659 2541 883 2604 obnixi
921 2543 1265 2617 SamniteS,
1294 2561 1699 2622 quamquam
1735 2541 1924 2622 plura
1962 2542 2293 2622 accipiunt
2329 2563 2528 2622 quam

328 2662 390 2704 13
424 2641 716 2704 inferunt
744 2641 1032 2704 vulnera.
1123 2641 1546 2721 Aliquamdiu
1579 2641 1711 2704 iam
1745 2649 2113 2721 pugnatum
2146 2648 2309 2719 erat,
2341 2650 2530 2705 atrox

428 2741 657 2804 caedes
704 2741 876 2805 circa
920 2741 1105 2820 signa
1152 2742 1566 2818 Samnitium,
1620 2742 1776 2820 fuga
1825 2741 1907 2804 ab
1955 2741 2313 2809 nulladum.
2343 2748 2530 2821 parte

330 2864 391 2904 14
424 2847 567 2904 erat
578 2861 594 2918 ;
632 2842 794 2904 adeo
831 2848 1040 2903 morte
1074 2840 1213 2904 sola
1248 2840 1420 2903 vinci
1455 2840 1953 2904 destinaverant
1991 2841 2241 2905 animis.
2293 2843 2529 2922 Itaque

429 2942 733 3017 Romani,
791 2960 943 3003 cum
995 2947 1064 3003 et
1119 2941 1314 3003 fluere
1367 2939 1500 3003 iam
1555 2940 1938 3004 lassitudine
1994 2941 2162 3006 vires
2214 2942 2532 3004 sentirent

426 3046 496 3104 et
553 3041 680 3103 diei
738 3041 913 3104 haud
976 3039 1260 3103 multum
1319 3061 1673 3120 superesse,
1736 3040 1987 3104 accensi
2045 3042 2142 3105 ira
2198 3041 2532 3105 concitant

427 3197 480 3240 of
509 3197 705 3250 victory
735 3198 1069 3242 co-extensive
1100 3198 1274 3241 with.”

492 3265 543 3308 9.
580 3266 723 3318 Quot
771 3296 784 3309 .
842 3295 853 3308 .
912 3296 925 3308 .
978 3264 1429 3309 tumultuantes:

1530 3197 1761 3249 ipsorum,
1802 3198 1846 3242 5.
1887 3200 1962 3244 38.
2002 3201 2046 3243 7.
2117 3207 2217 3252 pro
2253 3207 2335 3242 ne:
2373 3197 2531 3241 “with

1532 3264 1595 3308 all
1637 3266 1712 3309 his
1753 3268 1964 3317 might.”
2037 3267 2252 3311 erectae
2293 3265 2535 3309 meant:

428 3331 516 3375 the
547 3333 720 3382 equites
750 3344 875 3376 were
907 3333 1185 3376 ineffective
1217 3332 1430 3381 through

426 3401 685 3444 confusion
731 3401 782 3443 in
830 3401 958 3443 their
1003 3400 1140 3443 lines».
1220 3400 1431 3451 aperire

432 3494 452 3512 .
489 3496 503 3510 .
541 3497 555 3510 .
589 3467 769 3511 viam:
803 3479 833 3510 a
867 3469 1029 3519 poetic
1063 3467 1240 3519 phrase
1272 3467 1430 3510 which

430 3532 516 3576 the
543 3534 860 3577 commender
887 3535 1036 3586 drops
1064 3535 1114 3577 in
1149 3536 1219 3577 10.
1275 3534 1432 3577 ante-

430 3600 721 3652 signanus:
744 3602 870 3644 “the
891 3601 1046 3649 van;''
1068 3605 1167 3644 two
1186 3600 1321 3649 lines,
1346 3600 1432 3644 the

430 3667 605 3711 hastati
635 3667 733 3711 and
766 3668 1023 3719 principes,
1059 3667 1233 3717 fought
1265 3666 1432 3710 before

429 3733 517 3778 the
544 3734 698 3785 dona.

494 3800 574 3844 1o.
609 3801 891 3852 peditum:
914 3812 1020 3849 gen.
1044 3801 1093 3843 in
1116 3811 1288 3852 appos.
1310 3800 1432 3843 with

432 3867 518 3911 the
552 3869 823 3919 possessive
858 3867 958 3918 adj.
1030 3867 1118 3911 See
1154 3878 1218 3910 on
1255 3869 1434 3911 suomet

1532 3332 1744 3376 “bristle
1769 3334 1866 3376 and
1894 3333 2070 3376 flash.”

1597 3400 1676 3443 12.
1712 3401 1905 3444 dextra
1924 3399 2221 3451 laevaque:
2242 3399 2295 3441 of
2315 3398 2401 3442 the
2422 3410 2535 3441 con·

1532 3466 1623 3510 sul.
1713 3467 1990 3518 moenum
2046 3466 2222 3509 cient:
2279 3465 2535 3509 elsewhere

1533 3533 1650 3577 used
1685 3534 1803 3585 only
1835 3534 1887 3576 ot
1919 3532 2005 3577 the
2034 3533 2224 3576 leaders
2262 3534 2343 3582 (cf.
2383 3536 2422 3575 l.
2462 3535 2533 3576 12.

1533 3602 1600 3651 2),
1628 3601 1719 3645 but
1755 3602 1868 3643 here
1901 3600 2021 3643 each
2055 3604 2162 3643 acts
2197 3611 2281 3650 pro
2327 3610 2376 3642 se
2413 3599 2533 3649 (10).

1598 3668 1676 3711 18.
1711 3666 2036 3711 nulladum:
2065 3666 2233 3709 “none
2258 3677 2314 3709 as
2339 3667 2479 3718 ‚vetz”
2506 3678 2535 3709 a

1531 3744 1640 3777 rare
1668 3734 2019 3783 combination,
2054 3734 2181 3776 after
2211 3733 2296 3777 the
2325 3732 2536 3787 analogy

1532 3801 1584 3844 of
1608 3802 1836 3843 nondum.
1897 3801 1968 3844 Cf.
1997 3802 2042 3843 9.
2075 3801 2148 3844 12.
2176 3802 2221 3844 3.

1598 3868 1677 3911 14.
1712 3867 1909 3912 fluere:
1940 3867 2213 3920 “ebbing.''
