2975 4367
441 337 614 393 xlviii.
649 335 705 402 2]
1316 333 1552 388 LIBER
1588 335 1637 388 V
2434 340 2532 391 125

375 532 408 575 6
441 517 746 600 prolapsa
771 516 938 580 acies
963 516 1031 578 in
1055 535 1362 596 praeceps
1387 515 1640 578 deferri.
1717 516 1959 581 Sedato
1985 517 2217 581 deinde
2240 517 2532 581 tumultu

442 617 763 698 reliquum
804 615 1033 691 noctis,
1078 621 1402 696 quantum
1444 615 1512 678 in
1553 617 1837 680 turbatis
1878 618 2208 681 mentibus
2248 623 2528 707 poterat,

444 737 593 783 cum
651 715 1076 797 praeteritum
1136 735 1395 796 quoque
1453 716 1810 797 periculum
1868 717 2262 794 sollicitaret,
2324 717 2534 799 quieti

443 818 675 881 datum
714 823 831 879 est.

380 935 409 977 7
570 917 741 980 Luce
806 920 954 978 orta
1018 914 1267 977 vocatis
1333 914 1598 978 classico
1664 915 1747 979 ad
1814 916 2156 981 concilium
2222 915 2535 980 militibus

445 1016 528 1081 ad
583 1016 902 1091 tribunos,
958 1035 1108 1077 cum
1159 1021 1228 1078 et
1281 1021 1454 1078 recte
1507 1021 1577 1079 et
1628 1035 1968 1096 perperam
2021 1016 2199 1080 facto
2252 1017 2536 1098 pretium

444 1117 809 1193 deberetur,
855 1113 1133 1179 Manlius
1175 1115 1459 1195 primum
1500 1115 1588 1178 ob
1631 1115 1946 1180 virtutem
1988 1116 2294 1180 laudatus
2335 1116 2537 1179 dona-

445 1225 683 1298 tusque
742 1237 875 1280 non
935 1214 1018 1280 ab
1077 1214 1357 1278 tribunis
1413 1213 1627 1278 solum
1686 1216 1989 1292 militum,
2050 1217 2162 1279 sed
2223 1236 2537 1279 consensu

380 1335 410 1376 8
443 1318 645 1380 etiam
694 1314 986 1393 militari3
1033 1314 1137 1379 cui
1182 1314 1467 1377 universi
1512 1314 1779 1380 selibras
1825 1315 2011 1379 farris
2056 1322 2124 1379 et
2172 1316 2537 1397 quartarios

446 1417 581 1480 vini
621 1416 704 1481 ad
746 1416 937 1481 aedes
974 1415 1131 1492 eius,
1174 1435 1342 1497 quae
1380 1415 1448 1478 in
1488 1436 1633 1478 arce
1671 1423 1878 1493 erant,
1922 1415 2359 1492 contulerunt,
2399 1429 2536 1478 rem

443 1516 627 1580 dictu
669 1536 965 1597 parvam,
1012 1522 1300 1589 ceterum
1343 1515 1566 1595 inopia
1607 1516 1846 1578 fecerat
1888 1535 2036 1579 eam
2080 1524 2536 1595 argumentum

444 1615 670 1697 ingens
734 1616 1045 1693 caritatis,
1114 1636 1262 1679 cum
1325 1637 1394 1680 se
1460 1616 1734 1696 quisque
1800 1616 1981 1680 victu
2042 1637 2163 1680 suo
2227 1615 2537 1679 fraudans

442 1715 816 1781 detractum
863 1715 1114 1797 corpori
1161 1723 1361 1797 atque
1407 1716 1633 1779 usibus
1677 1716 2049 1779 necessariis
2096 1716 2180 1780 ad
2226 1716 2536 1779 honorem

377 1832 410 1877 9
443 1817 635 1882 unius
690 1816 812 1880 viri
866 1816 1205 1881 conferret.
1305 1818 1472 1879 Tum
1517 1815 1739 1896 vigiles
1786 1817 1923 1879 eius
1977 1814 2120 1892 loci,
2176 1836 2309 1898 qua
2361 1813 2538 1878 fefel-

443 1916 608 1981 lerat
664 1916 1017 1982 ascendens
1073 1917 1298 1993 hostiS,
1358 1917 1546 1980 citati
1556 1937 1573 1994 ;
1628 1922 1696 1979 et
1753 1937 1900 1979 cum
1957 1915 2025 1978 in
2079 1936 2303 1979 omnes
2361 1934 2537 1978 more

443 2016 709 2082 militari
754 2037 823 2081 se
872 2017 1479 2082 animadversurum
1528 2017 1603 2094 Q.
1657 2015 1976 2096 Sulpicius
2023 2015 2325 2079 tribunus
2374 2013 2537 2075 mili-

347 2133 406 2175 10
441 2124 587 2181 tum
659 2118 1168 2198 pronuntiasset,
1245 2117 1690 2180 consentiente
1764 2115 2041 2180 clamore
2115 2115 2397 2178 militum
2470 2114 2536 2176 in

441 2237 648 2281 unum
692 2217 953 2296 vigilem
999 2217 1459 2280 conicientium
1506 2217 1787 2297 culpam,
1834 2215 2180 2279 deterritus
2227 2236 2265 2278 a
2308 2214 2535 2278 ceteris

441 2316 783 2394 abstinuit,
827 2336 1010 2380 reum
1052 2316 1230 2380 haud
1272 2316 1548 2380 dubium
1589 2316 1726 2378 eius
1767 2335 1977 2379 noxae
2021 2313 2536 2395 adprobantibus

343 2434 399 2474 11
440 2417 692 2481 cunctis
773 2416 855 2481 de
932 2437 1094 2481 saxo
1176 2416 1429 2480 deiecit.
1521 2416 1684 2479 Inde
1745 2415 2127 2478 intentiores
2207 2414 2535 2493 utrimque

289 2521 296 2528 '
440 2515 776 2581 custodiae
812 2536 972 2593 esse,
1010 2523 1079 2580 et
1118 2517 1295 2599 apud
1334 2515 1574 2592 Gallos,
1616 2515 1771 2595 quia
1808 2513 2152 2594 vulgatum
2187 2519 2329 2577 erat
2367 2514 2537 2577 inter

438 2617 631 2680 Veios
676 2618 1089 2697 Romamque
1133 2617 1399 2680 nuntios
1443 2634 1827 2691 commeare,
1870 2621 1938 2678 et
1982 2614 2158 2694 apud
2202 2615 2536 2677 Romanos

438 2715 524 2780 ab
563 2718 868 2780 nocturni
907 2715 1177 2798 periculi
1219 2717 1548 2779 memoria.
2358 2754 2362 2758 Δ

375 2832 399 2874 1
565 2817 878 2880 XLVIII.
928 2817 1053 2881 Sed
1115 2825 1268 2880 ante
1328 2816 1552 2880 omnia
1609 2814 1964 2879 obsidionis
2024 2812 2302 2894 bellique
2363 2812 2537 2877 mala

372 2932 405 2974 2
437 2916 646 2980 fames
703 2923 1057 2998 utrumque
1113 2918 1473 2979 exercitum
1532 2914 1827 2994 urgebat,
1889 2913 2108 2978 Gallos
2164 2912 2538 2995 pestilentia

437 3016 663 3094 etiam,
711 3037 861 3080 cum
906 3016 1046 3080 Ioco
1091 3016 1343 3080 iacente
1389 3016 1560 3079 inter
1604 3014 1894 3078 tumulos
1939 3019 2155 3078 castra
2197 3013 2532 3088 habenteS,

439 3122 585 3179 tum
635 3115 720 3181 ab
770 3116 1085 3179 incendiis
1135 3116 1382 3180 torrido
1431 3122 1501 3178 et
1552 3115 1813 3195 vaporis
1862 3114 2054 3194 pleno
2105 3113 2532 3192 cineremque,

438 3236 572 3280 non
628 3214 966 3296 pulverem
1026 3215 1220 3279 modo
1280 3215 1549 3292 ferente,
1611 3235 1761 3278 cum
1820 3213 1977 3295 quid
2014 3213 2221 3276 .venti
2280 3218 2535 3275 motum

500 3469 549 3511 7.
583 3469 654 3512 ad
684 3467 969 3514 tribunos:
1000 3468 1085 3512 the
1115 3472 1436 3520 govemment
1598 3469 1649 3512 9.
1683 3476 1837 3511 more
1913 3466 2171 3511 multari:
2249 3465 2538 3518 “following

436 3539 490 3580 at
520 3535 619 3579 this
648 3537 769 3580 time
796 3548 897 3580 was
924 3537 1096 3580 vested
1125 3537 1178 3580 ln
1206 3538 1280 3579 six
1310 3537 1436 3579 mili-
1536 3536 1754 3586 military
1773 3535 1971 3585 usage.”
2481 3533 2486 3538 '

437 3606 550 3655 tary
608 3604 830 3647 tribunes
885 3604 997 3646 who
1053 3603 1152 3646 had
1212 3603 1439 3646 consular
1601 3601 1834 3645 XLVIII.
1868 3603 1918 3645 2.
1953 3610 2087 3645 cum
2119 3601 2259 3653 loeo.
2297 3604 2412 3645 etc.:
2448 3600 2537 3645 the

438 3680 614 3721 power.
674 3669 851 3714 tacto:
880 3680 959 3714 see
986 3681 1050 3713 on
1081 3671 1125 3713 3.
1155 3671 1232 3713 47.
1264 3672 1309 3714 2.
1536 3669 1678 3713 order
1726 3670 1767 3712 is
1815 3669 2031 3712 habentes
2079 3671 2232 3712 castra
2280 3670 2378 3713 loco
2425 3681 2536 3713 cum

499 3739 548 3780 8.
583 3736 921 3788 quartarios:
950 3736 1044 3780 less
1075 3737 1200 3780 than
1229 3748 1261 3780 a
1292 3747 1438 3787 quar·
1535 3737 1712 3780 iacente
1735 3768 1748 3780 .
1773 3767 1786 3780 .
1811 3768 1823 3779 .
1847 3739 1947 3779 tum
1977 3738 2152 3780 torrido
2188 3738 2245 3779 ab
2280 3737 2533 3781 incendiis.

436 3807 511 3847 ter
535 3804 588 3846 ot
609 3815 640 3846 a
665 3804 789 3856 pint.
848 3803 1194 3847 detractum:
1223 3821 1266 3837 ι-
1294 3815 1324 3846 a
1348 3803 1434 3848 rel.
1534 3802 1773 3847 terentes
1805 3803 1926 3846 with
1958 3803 2077 3851 loco:
2109 3803 2316 3853 “giving
2346 3803 2534 3846 forth.”

435 3871 612 3920 clause,
652 3871 907 3922 repeating
944 3871 1030 3914 the
1066 3870 1178 3913 idea
1214 3872 1268 3914 ot
1302 3871 1436 3921 frau-
1535 3879 1670 3914 eum
1707 3899 1722 3914 .
1761 3899 1775 3913 .
1813 3900 1828 3913 .
1863 3871 2031 3914 estet:
2065 3871 2315 3919 iteratim:
2351 3871 2533 3914 “when

433 3938 571 3984 dans.
633 3939 704 3984 Cf.
735 3941 779 3984 2.
814 3940 884 3984 10.
919 3939 993 3984 13.
1536 3937 1674 3984 there
1698 3948 1799 3982 was
1825 3938 1911 3981 the
1936 3937 2159 3990 slightest
2188 3937 2408 3983 breeze.”
