2975 4367
377 244 473 299 xli.
513 244 563 310 l]
1252 240 1489 297 LIBER
1526 241 1575 297 V
2374 243 2475 297 117

379 431 603 489 tamen
650 410 874 487 earum
924 424 991 486 in
1042 444 1253 487 arcem
1304 445 1454 488 suos
1504 429 1880 505 persecutae
1928 429 2104 500 sunt,
2156 444 2272 487 nec
2323 443 2471 504 pro-

380 525 645 588 bibente
695 523 825 586 ullo
875 544 992 586 nec
1044 530 1343 600 vocante,
1396 524 1570 605 quia,
1624 523 1798 605 quod
1851 523 2011 586 utile
2060 523 2337 586 obsessis
2387 523 2468 586 ad

381 623 802 687 minuendam
835 622 1159 686 imbellem
1194 623 1706 700 multitudinem,
1742 623 1807 686 id
1842 643 2075 704 parum
2108 624 2471 686 humanum

314 743 347 785 5
380 730 540 787 erat.
631 723 779 787 Ali'a
821 723 1104 786 maxime
1149 722 1355 803 plebis
1391 724 1607 800 turba,
1646 743 1846 805 quam
1891 744 2008 786 nec
2055 743 2283 803 capere
2328 728 2468 786 tam

380 825 652 903 exiguus
687 812 864 887 collis
898 844 1015 886 nec
1053 822 1220 887 alere
1255 824 1323 885 in
1358 829 1551 887 tanta
1585 824 1806 903 inopia
1838 823 2150 886 frumenti
2186 829 2468 904 poterat,

380 944 464 987 ex
507 924 667 986 urbe
711 923 918 987 effusa
962 923 1143 986 velut
1190 923 1445 1003 agmine
1489 924 1622 986 iam
1668 945 1798 986 uno
1844 924 2035 1005 petiit
2081 923 2467 988 Ianiculum.

315 1042 348 1085 e
382 1023 546 1087 Inde
585 1044 737 1103 pars
776 1044 890 1103 per
930 1044 1116 1102 agros
1155 1023 1407 1103 dilapsi,
1439 1045 1590 1103 pars
1629 1021 1822 1087 urbes
1861 1029 2098 1103 petunt
2139 1023 2471 1101 finitimas,

381 1125 518 1187 sine
571 1122 703 1186 ullo
757 1123 920 1186 duce
974 1130 1090 1186 aut
1145 1144 1478 1200 consensu,
1536 1144 1722 1188 suam
1777 1124 2048 1205 quisque
2102 1144 2305 1203 spem,
2355 1145 2479 1188 sua

384 1222 650 1287 consilia
689 1224 1142 1286 communibus
1180 1222 1534 1302 deploratis
1571 1230 1932 1305 sequentes

318 1344 349 1387 '7
510 1323 779 1386 Flamen
869 1323 1127 1385 interim
1220 1323 1568 1400 Quirinalis
1661 1324 2066 1405 virginesque
2156 1324 2472 1402 VestaleS,

383 1424 624 1487 omissa
672 1443 886 1485 rerum
937 1444 1201 1486 suarum
1254 1445 1427 1500 cura,
1482 1443 1651 1505 quae
1700 1444 2031 1488 sacrorum
2080 1445 2301 1489 secum
2352 1424 2477 1488 fer-

383 1524 573 1600 enda,
620 1543 806 1604 quae,
852 1523 1007 1604 quia
1049 1524 1216 1587 vires
1258 1523 1341 1586 ad
1384 1523 1608 1586 onmia
1647 1524 1914 1589 ferenda
1952 1524 2244 1603 deerant,
2288 1523 2475 1587 relin-

387 1623 650 1705 quenda
677 1628 913 1700 essent,
946 1622 1410 1700 consultantes,
1444 1624 1671 1704 quisve
1699 1618 1778 1687 ea
1807 1624 1984 1688 locus
2013 1624 2187 1688 fideli
2217 1624 2479 1688 adserv-

320 1743 353 1788 s
386 1729 619 1786 aturus
649 1723 946 1785 custodia
974 1728 1163 1799 esset,
1196 1723 1524 1803 optimum
1553 1724 1804 1788 ducunt
1835 1725 2102 1789 condita
2129 1713 2197 1788 in
2226 1723 2478 1788 doliolis

386 1821 619 1887 sacello
679 1822 976 1903 proximo
1037 1822 1306 1886 aedibus
1367 1823 1644 1888 flaminis
1704 1823 2070 1902 Quirinalis,
2130 1823 2245 1888 ubi
2304 1845 2477 1888 nunc

387 1922 617 2003 despui
653 1923 872 2003 religio
910 1928 1030 1998 est,
1071 1922 1374 1985 defodere
1384 1943 1401 2000 ;
1440 1929 1655 1987 cetera
1690 1923 1875 1987 inter'
1896 1944 1964 1988 se
2000 1945 2194 1989 onere
2230 1925 2478 2007 partito

387 2023 605 2086 ferunt
671 2023 799 2100 via,
866 2043 1033 2104 quae
1095 2022 1366 2087 sublicio
1429 2028 1632 2104 ponte
1694 2025 1876 2087 ducit
1941 2025 2024 2088 ad
2090 2024 2475 2088 Ianiculum.

322 2144 353 2187 9
388 2125 470 2187 In
516 2143 593 2187 eo
643 2123 810 2187 clivo
857 2144 968 2187 eas
1017 2144 1167 2186 cum
1219 2124 1288 2185 L.
1334 2122 1645 2201 Albinius,
1696 2124 1777 2187 de
1825 2124 2013 2205 plebe
2061 2125 2276 2202 hom0,
2329 2145 2482 2188 con-

387 2224 725 2304 spexisset,
789 2222 1080 2303 plaustro
1142 2222 1480 2302 coniugem
1541 2243 1616 2286 ac
1678 2223 1909 2288 liberos
1969 2225 2252 2289 avehens
2310 2225 2483 2288 inter

388 2329 672 2386 ceteram
738 2310 1023 2399 turbam,
1094 2343 1262 2404 quae
1327 2322 1574 2386 inutilis
1640 2323 1807 2387 bello
1874 2324 2034 2387 urbe
2098 2324 2479 2402 excedebat,

292 2445 353 2487 10
384 2423 571 2488 salvo
621 2424 824 2487 etiam
876 2430 1021 2486 tum
1072 2423 1441 2487 discrimine
1493 2422 1864 2487 divinarum
1915 2425 2482 2506 humanarumque

387 2545 625 2601 rerum,
693 2523 1061 2603 religiosum
1128 2531 1311 2587 ratus
1377 2523 1745 2587 sacerdotes
1812 2522 2104 2604 publicas
2169 2545 2482 2605 sacraque

388 2624 613 2705 populi
644 2624 927 2688 Romani
955 2624 1231 2705 pedibus
1259 2624 1350 2687 ire
1379 2623 1678 2704 ferrique,
1709 2643 1778 2687 se
1807 2644 1881 2687 ac
1910 2645 2060 2687 suos
2088 2623 2156 2686 in
2185 2623 2482 2688 vehiculo

389 2724 694 2805 conspici,
750 2724 1139 2788 descendere
1192 2745 1464 2788 uxorem
1521 2744 1596 2787 ac
1652 2743 1885 2804 pueros
1940 2723 2146 2800 iussit,
2204 2723 2484 2804 virgines

386 2845 702 2905 sacraque
735 2824 802 2887 in
839 2823 1206 2905 plaustrum
1242 2824 1570 2906 imposuit,
1590 2830 1659 2886 et
1694 2825 1910 2900 Caere,
1951 2845 2081 2906 quo
2117 2823 2242 2888 iter
2274 2844 2486 2888 sacer·

386 2924 653 2988 dotibus
688 2931 851 3001 erat,
890 2926 1206 3004 pervexit.
1236 2982 1244 2993 .

326 3045 351 3087 1
514 3025 691 3087 XLI.
741 3026 993 3087 Romae
1035 3025 1295 3088 interim
1338 3026 1500 3090 satis
1551 3026 1682 3089 iam
1725 3025 2050 3102 omnibuS,
2110 3030 2187 3088 ut
2241 3023 2310 3087 in
2365 3023 2484 3088 tali

390 3144 477 3200 rc,
514 3124 598 3187 ad
632 3126 947 3189 tuendam
984 3147 1197 3188 arcem
1232 3125 1627 3206 compositis,
1666 3127 1863 3189 turba
1894 3125 2222 3189 seniorum
2256 3125 2485 3188 domos

388 3224 655 3306 regressi
699 3225 1061 3289 adventum
1106 3226 1393 3289 hostium
1436 3212 1770 3289 obstinato
1815 3225 1898 3289 ad
1944 3233 2222 3289 mortem
2266 3225 2485 3288 animo

452 3445 502 3488 8.
536 3452 702 3488 suam
735 3444 973 3497 quisque
1005 3453 1188 3497 spem:
1222 3444 1390 3488 “their
1553 3442 1632 3486 10.
1665 3442 2015 3495 religiosum:
2035 3444 2305 3496 emphatic:
2325 3456 2404 3488 see
2422 3456 2489 3488 on

388 3513 587 3556 various
612 3512 814 3564 hopes.'’
1489 3513 1534 3555 8.
1587 3512 1771 3555 caere:
1788 3521 1855 3553 an
1872 3511 2105 3554 Etrurian
2123 3516 2271 3562 town.
2290 3513 2491 3556 whence

452 3581 502 3622 8.
536 3579 732 3631 despui
778 3579 997 3630 religio:
1045 3579 1116 3622 “a
1161 3580 1392 3630 sacrilege
1487 3578 1806 3620 caeremoniae
1848 3578 1890 3621 is
1933 3579 2039 3621 said
2084 3582 2138 3621 to
2182 3578 2246 3622 be
2287 3579 2489 3623 derived

390 3651 445 3689 to
479 3646 632 3697 spit.’'
698 3645 933 3689 sublicio
968 3646 1166 3697 ponte:
1199 3657 1392 3690 reverse
1488 3644 1698 3688 because
1726 3646 1814 3689 the
1843 3646 2036 3690 Vestals
2062 3657 2189 3690 were
2215 3645 2391 3698 kindly
2417 3657 2493 3690 re-

390 3713 443 3755 or
495 3711 637 3755 usual
689 3713 831 3756 order
883 3713 1094 3756 without
1148 3717 1389 3765 apparent
1489 3712 1658 3756 ceived
1684 3713 1838 3758 there.

390 3790 582 3824 reason.
648 3780 737 3824 See
769 3791 834 3823 on
872 3783 912 3824 1.
952 3782 1023 3824 12.
1058 3781 1104 3824 6.
1555 3781 1689 3826 XLI.
1724 3782 1774 3826 1.
1807 3781 1900 3826 ut:
1936 3782 2228 3826 restrictlve.
2299 3781 2390 3825 See
2425 3790 2494 3823 on

454 3848 504 3891 ⁹.
539 3847 706 3891 clivo:
736 3859 817 3891 see
845 3859 910 3891 on
946 3851 986 3891 1.
1018 3850 1094 3891 48.
1127 3849 1171 3892 6.
1497 3851 1536 3891 1.
1570 3851 1640 3892 18.
1673 3850 1715 3892 1.
