2975 4367
436 225 517 281 liii
573 225 626 291 3]
1336 224 1573 278 LIBER
1610 225 1638 277 I
2468 227 2537 278 65

440 406 618 489 regni
646 406 731 472 ab
758 426 826 469 se
851 406 994 488 ipso
1022 406 1334 471 adversus
1360 426 1427 469 se
1453 404 1828 485 exemplum
1856 404 1999 485 capi
2026 423 2234 484 posse,
2268 404 2537 468 armatis

377 521 407 564 3
443 527 678 589 corpus
737 507 1250 587 circumsaepsit;
1312 526 1523 588 neque
1582 505 1756 568 enim
1816 504 1902 568 ad
1961 504 2064 567 ius
2122 504 2300 585 regni
2359 505 2538 585 quic-

444 628 643 690 quam
690 614 949 688 praeter
997 607 1132 669 vim
1180 606 1488 683 habebat,
1540 612 1619 668 ut
1666 604 1778 686 qui
1827 623 2038 685 neque
2084 604 2309 685 populi
2355 604 2532 666 iussu

378 723 409 764 4
442 727 651 789 neque
704 707 1077 771 auctoribus
1127 707 1424 787 patribus
1474 711 1791 784 regnaret.
1889 705 1986 768 Eo
2041 703 2411 781 accedebat,
2454 711 2534 768 ut

445 808 513 871 in
572 808 846 871 caritate
906 806 1148 869 civium
1208 806 1366 868 nihil
1425 804 1562 888 spei
1621 805 1961 884 reponenti
2020 811 2199 867 metu
2260 823 2530 884 regnum

446 907 805 971 tutandum
865 914 1054 971 esset.
1164 908 1373 984 Quem
1433 913 1514 970 ut
1574 905 1870 987 pluribus
1929 905 2271 981 incuteret,
2321 905 2537 984 cogni-

446 1008 658 1071 tiones
692 1007 1073 1088 capitalium
1105 1027 1319 1070 rerum
1352 1008 1491 1069 sine
1524 1006 1801 1069 consiliis
1833 1025 1949 1086 per
1979 1024 2048 1068 se
2079 1004 2253 1068 solus
2283 1023 2537 1067 exerce-

380 1127 411 1170 5
447 1106 582 1184 bat,
647 1126 890 1189 perque
954 1127 1101 1170 eam
1165 1126 1429 1170 causam
1473 1106 1780 1183 occidere,
1846 1105 1915 1168 in
1977 1104 2276 1168 exsilium
2323 1124 2529 1185 agere,

448 1205 634 1271 bonis
679 1207 958 1271 multare
1002 1214 1265 1287 poterat
1309 1228 1442 1270 non
1485 1212 1821 1293 suspectos
1866 1205 2061 1269 modo
2107 1211 2225 1269 aut
2268 1203 2531 1282 invisos
2590 1267 2596 1272 .

446 1307 558 1369 sed
622 1307 797 1370 unde
861 1306 1020 1370 nihil
1086 1306 1261 1370 aliud
1322 1326 1530 1388 quam
1596 1305 1906 1386 praedam
1969 1324 2227 1385 sperare
2291 1312 2530 1386 posset.

380 1427 412 1470 c
445 1407 798 1488 Praecipue
849 1406 945 1471 ita
997 1413 1264 1488 patrum
1316 1426 1586 1471 numero
1632 1406 1980 1470 imminuto
2033 1404 2273 1469 statuit
2325 1405 2536 1469 nullos

444 1508 513 1571 in
566 1514 784 1588 patres
837 1508 1061 1587 legere,
1118 1527 1248 1588 quo
1303 1507 1741 1586 contemptior
1790 1506 2126 1588 paucitate
2177 1505 2321 1586 ipsa
2372 1505 2533 1569 ordo

382 1628 413 1671 7
444 1614 632 1684 esset,
700 1607 1042 1689 minusque
1106 1627 1222 1689 per
1283 1626 1352 1670 se
1414 1606 1574 1669 nihil
1640 1605 1743 1686 agi
1785 1605 2296 1685 indignarentur.
2407 1605 2534 1667 Hic

445 1707 618 1770 enim
680 1727 904 1787 regum
965 1700 1215 1786 primus
1277 1706 1598 1770 traditum
1661 1727 1700 1769 a
1761 1705 2083 1787 prioribus
2144 1725 2392 1769 morem
2453 1705 2536 1768 de

445 1807 748 1871 omnibus
794 1814 1098 1871 senatum
1146 1804 1521 1870 consulendi
1568 1804 1786 1882 solvit,
1835 1804 2208 1868 domesticis
2256 1805 2536 1868 consiliis

446 1927 581 1970 rem
643 1906 973 1987 publicam
1035 1905 1547 1984 administravit3
1611 1905 1871 1982 bellum,
1935 1924 2184 1985 pacem,
2248 1905 2530 1982 foedera,

445 2007 789 2070 societates
826 2026 942 2089 per
978 2026 1047 2070 se
1084 2007 1241 2087 ipse,
1284 2026 1432 2068 cum
1472 2005 1711 2086 quibus
1751 2004 1979 2082 voluit,
2020 2005 2267 2068 iniussu
2307 2005 2533 2085 populi

444 2126 521 2171 ac
559 2112 827 2170 senatus
864 2107 1020 2170 fecit
1058 2106 1466 2188 diremitque.

379 2230 406 2271 1
569 2207 751 2270 LIII.
801 2207 959 2284 Nec,
981 2213 1060 2270 ut
1085 2207 1365 2270 iniustus
1389 2206 1459 2269 in
1485 2225 1646 2287 pace
1672 2226 1805 2283 reX,
1829 2205 1927 2269 ita
1952 2204 2089 2268 dux
2116 2205 2265 2268 belli
2291 2224 2537 2286 pravus

445 2306 600 2385 fuit3
645 2307 804 2389 quin
848 2327 925 2370 ea
971 2314 1110 2371 arte
1155 2313 1500 2389 aequasset
1543 2306 1902 2385 superiores
1945 2325 2141 2385 regeS,
2189 2306 2258 2369 ni
2301 2306 2537 2386 degen-

377 2430 410 2473 2
444 2414 701 2470 eratum
739 2407 808 2470 in
849 2407 991 2471 aliis
1030 2407 1179 2469 huic
1219 2425 1479 2488 quoque
1518 2405 1735 2469 decori
1771 2406 2112 2469 offecisset.
2197 2406 2265 2468 Is
2290 2405 2539 2487 primus

445 2507 692 2570 Volscis
738 2507 978 2570 bellum
1021 2507 1091 2570 in
1137 2507 1453 2570 ducentos
1498 2505 1777 2585 amplius
1820 2513 1971 2587 post
2013 2524 2201 2569 suam
2247 2512 2537 2570 aetatem

445 2627 650 2670 annos
709 2607 937 2684 movit,
999 2609 1430 2689 Suessamque
1491 2606 1856 2670 Pometiam
1913 2626 1996 2669 ex
2054 2606 2153 2670 his
2215 2605 2284 2670 vi
2342 2606 2534 2686 cepit.

379 2732 411 2775 3
445 2707 576 2771 Ubi
626 2728 778 2769 cum
828 2706 1167 2770 divendita
1201 2707 1443 2786 praeda
1496 2706 1933 2788 quadraginta
1981 2706 2236 2771 talenta
2286 2706 2539 2786 argenti

445 2808 788 2882 refecisset,
873 2806 1168 2887 concepit
1251 2808 1466 2871 animo
1547 2826 1692 2869 eam
1776 2807 2277 2888 amplitudinem
2360 2807 2539 2870 Iovis

505 2960 555 3004 8.
588 2959 657 3004 ut
683 2959 805 3012 qui:
831 2969 912 3003 see
934 2959 1186 3004 on'Praer.
1215 2959 1259 3004 2.

506 3028 555 3070 4.
586 3028 650 3070 ln
684 3026 943 3071 caritate:
978 3027 1028 3069 in
1064 3030 1284 3070 contrast
1319 3027 1440 3070 with

1535 2969 1637 3002 was
1673 2957 1791 3012 only
1826 2970 1893 3003 an
1929 2958 2162 3011 addeory
2198 2957 2350 3012 body.
2422 2958 2541 3003 Tar-

1539 3027 1658 3076 quin
1703 3027 1872 3079 finally
1916 3026 2136 3079 dropped
2182 3027 2247 3070 all
2292 3031 2534 3080 pretense.

445 3092 640 3138 Servius
675 3095 770 3143 (46.
807 3095 871 3144 1).
933 3094 1253 3144 temnentis
1282 3104 1349 3137 sc.
1380 3094 1438 3143 ei.

445 3161 530 3205 the
546 3166 693 3212 agent
710 3161 831 3204 with
848 3161 1099 3204 tutandum
1117 3162 1246 3204 esset.
1297 3162 1443 3213 capl-

445 3228 674 3272 tauum:
728 3231 778 3273 ln
802 3228 888 3272 the
911 3228 1108 3270 Roman
1130 3239 1281 3277 sense,
1307 3239 1442 3271 cases

445 3297 675 3346 affecting
713 3296 811 3345 life,
853 3296 1049 3347 liberty,
1094 3298 1343 3348 property,
1388 3305 1444 3338 or

444 3363 746 3415 citizenship.
847 3362 1116 3406 contnuo:
1183 3363 1260 3406 i.e.
1329 3373 1444 3405 con-

444 3431 608 3474 sellors
630 3430 769 3480 ,with
810 3430 896 3474 the
937 3430 1117 3482 special
1158 3430 1444 3480 knowledge

444 3498 642 3547 needed,
666 3498 830 3540 whom
851 3498 913 3541 he
933 3497 1091 3548 might
1114 3497 1242 3540 have
1263 3497 1443 3541 chosen

443 3566 568 3608 from
596 3566 681 3609 the
706 3568 876 3608 senate
900 3564 982 3608 list
1010 3569 1064 3608 to
1091 3564 1170 3608 aid
1197 3565 1316 3609 him.

506 3635 555 3676 5.
588 3633 764 3676 unde:
793 3649 836 3665 =
864 3642 953 3682 eos,
985 3642 1017 3673 a
1045 3632 1231 3683 quibus.

505 3701 554 3744 ⁹1.
589 3698 879 3743 omnibus:
942 3703 1078 3742 neut.
1175 3698 1443 3744 senatum

442 3767 795 3811 consulendi:
856 3766 1013 3810 under
1072 3766 1159 3810 the
1218 3766 1444 3810 absolute

441 3833 546 3880 rule
571 3835 624 3877 of
651 3834 737 3880 the
764 3833 906 3885 kings
934 3833 1020 3878 the
1047 3837 1218 3879 senate
1246 3836 1298 3876 at
1328 3833 1440 3877 best

1538 3094 1636 3136 and
1705 3093 1965 3137 counseled
2032 3094 2151 3146 only
2218 3095 2341 3138 with
2408 3094 2539 3138 close

1539 3160 1736 3204 friends,

1604 3228 1740 3271 LIII.
1776 3229 1825 3272 1.
1858 3229 2021 3279 quin:
2050 3245 2094 3261 =
2120 3228 2238 3280 quin
2259 3229 2416 3272 etiam.
2472 3237 2539 3272 ea

1539 3295 1683 3339 arte:
1706 3295 1814 3346 “by
1843 3295 1919 3338 his
1950 3294 2061 3338 skssl
2094 3296 2145 3337 in
2177 3294 2326 3339 this..”
2379 3295 2540 3346 dete-

1539 3362 1829 3406 nentum:
1882 3366 2019 3406 neut.
2072 3367 2207 3414 ptcp.
2253 3373 2308 3405 as
2359 3363 2540 3411 subst.;

1542 3431 1667 3475 “the
1699 3431 1800 3473 fact
1835 3431 1888 3473 of
1921 3430 1997 3473 his
2031 3428 2381 3481 degeneracy.”

1602 3499 1653 3541 2.
1684 3498 1770 3541 In:
1799 3498 1876 3541 Le.
1905 3498 1947 3540 it
1977 3507 2065 3539 ran
2094 3497 2200 3539 into
2230 3508 2260 3539 a
2289 3508 2389 3540 war
2416 3497 2537 3541 last-

1541 3566 1625 3616 ing
1651 3576 1704 3607 so
1730 3564 1861 3615 long.

1604 3634 1653 3676 ³.
1687 3631 2062 3683 quadraginta
2102 3629 2341 3674 talenta:
2382 3640 2539 3675 some·

1539 3699 1671 3742 what
1713 3698 1807 3742 less
1848 3699 1972 3742 than
2015 3699 2231 3747 ⁸50.000.
2308 3697 2410 3740 The
2452 3709 2539 3741 use

1539 3767 1592 3809 of
1681 3768 1855 3810 talenta
1935 3765 2094 3808 shows
2175 3764 2286 3807 that
2371 3763 2539 3815 Livy's

1541 3844 1711 3877 source
1736 3844 1837 3879 was
1864 3842 1959 3875 one
1986 3832 2038 3875 of
2065 3832 2151 3876 the
2178 3830 2311 3884 early
2342 3830 2540 3875 Roman
