2975 4367
522 288 635 349 viii.
675 289 761 359 12]
1383 289 1620 349 LIBER
1656 288 1745 348 IX
2512 290 2612 350 149

454 484 485 526 4
519 475 715 555 pacis.
807 476 946 555 Ego
986 482 1229 551 tamen,
1255 477 1520 556 quando
1561 497 1770 557 neque
1810 477 1891 539 de
1930 498 2104 540 noxa
2142 484 2366 540 nostra
2405 499 2614 558 neque

520 575 601 637 de
649 595 862 655 poena
909 575 1271 651 rettulistiS,
1324 577 1566 641 omissa
1612 576 2002 653 defensione,
2056 598 2223 657 quae
2271 599 2402 640 non
2450 578 2615 639 diffi-

521 675 760 738 cillima
794 682 964 738 esset
1004 676 1178 755 apud
1217 676 1393 738 haud
1433 677 1691 755 ignaros
1728 677 2140 739 fortunarum
2178 678 2613 740 humanarum

519 775 1156 856 necessitatiumque,
1209 778 1606 839 sententiam
1656 776 1737 839 de
1786 797 1881 852 e0,
1935 776 2017 839 de
2067 798 2196 857 quo
2240 777 2610 854 rettulisti&

517 876 742 957 paucis
779 896 1104 956 peragam.
1201 875 1382 952 Quae
1430 877 1759 940 sententia
1808 877 1993 939 testis
2043 877 2184 952 erit,
2238 878 2478 940 mihine
2529 899 2613 940 an

520 976 875 1056 legionibus
938 976 1171 1038 vestris
1231 978 1645 1056 pepercerim,
1713 997 1861 1039 cum
1924 997 2026 1039 me
2086 998 2199 1039 seu
2262 978 2438 1057 turpi
2498 998 2611 1040 seu

452 1086 483 1130 5
519 1076 878 1139 necessaria
956 1077 1301 1155 sponsione
1380 1077 1701 1139 obstrinxi
1712 1098 1727 1153 ;
1811 1098 1941 1157 qua
2021 1082 2263 1153 tamen,
2348 1077 2612 1157 quando

518 1176 765 1239 iniussu
806 1175 1031 1255 populi
1071 1177 1250 1239 facta
1288 1182 1408 1251 est,
1453 1197 1584 1239 non
1627 1184 1888 1239 tenetur
1928 1176 2207 1256 populus
2250 1178 2607 1252 Romanus,

518 1297 634 1339 nec
665 1277 1018 1356 quicquam
1044 1296 1126 1338 ex
1152 1297 1231 1338 ea
1257 1283 1716 1356 praeterquam
1746 1298 2015 1356 corpora
2042 1283 2266 1339 nostra
2291 1276 2613 1339 debentur

451 1386 484 1429 6
518 1376 940 1440 Samnitibus
1053 1376 1389 1438 Dedamur
1471 1397 1588 1456 per
1671 1376 1920 1439 fetiales
1980 1376 2165 1438 ¹nudi
2252 1377 2583 1456 vinctique
2594 1397 2610 1453 3

518 1476 932 1539 exsolvamus
985 1475 1287 1554 religione
1340 1475 1677 1556 populum,
1733 1476 1787 1538 si
1841 1497 1972 1556 qua
2024 1476 2473 1555 obligavimUS,
2530 1497 2612 1539 ne

518 1576 674 1656 quid
708 1576 915 1638 divini
948 1576 1301 1638 humanive
1333 1577 1573 1651 obstet,
1611 1597 1739 1656 quo
1774 1576 1988 1639 minus
2020 1577 2265 1638 iustum
2298 1577 2611 1656 piumque

453 1686 483 1729 ⁷
516 1676 596 1737 de
646 1676 897 1755 integro
949 1676 1206 1737 ineatur
1242 1675 1503 1738 bellum.
1601 1674 1881 1745 Interea,
1912 1675 2202 1738 consules
2251 1677 2610 1739 exercitum

515 1775 809 1851 scribere,
862 1795 1132 1851 armare,
1180 1775 1451 1837 educere
1499 1775 1734 1855 placet,
1785 1797 1901 1839 nec
1948 1777 2126 1856 prius
2172 1776 2418 1855 ingredi
2465 1778 2610 1839 hos-

516 1875 683 1937 tium
739 1877 919 1951 fines,
979 1895 1177 1955 quam
1235 1876 1456 1938 omnia
1511 1876 1685 1938 iusta
1740 1876 1806 1938 in
1862 1875 2260 1938 deditionem
2318 1882 2608 1938 nostram

451 1985 483 2029 8
514 1974 804 2053 perfecta
853 1981 1063 2038 erunt.
1160 1976 1312 2051 Vos,
1352 1975 1442 2036 dii
1493 1975 1911 2052 immortales,
1949 1996 2174 2056 precor
2216 1996 2606 2056 quaesoque,

514 2074 568 2138 si
625 2075 811 2137 vobis
868 2096 1001 2138 non
1056 2075 1182 2137 fuit
1240 2075 1417 2137 cordi
1474 2076 1582 2155 Sp.
1644 2074 2074 2151 Postumium,
2133 2077 2204 2137 T.
2265 2075 2607 2138 Veturium

450 2185 481 2227 9
516 2174 809 2237 consules
850 2194 999 2236 cum
1040 2175 1443 2237 Samnitibus
1481 2195 1786 2255 prospere
1823 2175 2066 2237 bellum
2105 2195 2338 2253 gerere,
2382 2183 2452 2238 at
2493 2197 2609 2238 vos

513 2274 672 2337 satis
745 2274 1044 2337 habeatis
1116 2274 1352 2337 vidisse
1424 2296 1542 2337 nos
1612 2274 1737 2337 sub
1794 2275 2017 2353 iugum
2078 2275 2324 2351 missoS,
2372 2275 2607 2338 vidisse

514 2374 859 2454 sponsione
897 2374 1127 2437 infami
1162 2375 1504 2453 obligatOS,
1546 2374 1762 2437 videre
1798 2375 2007 2437 nudos
2044 2375 2428 2455 vinctosque
2464 2375 2609 2438 hos-

515 2468 692 2538 tibus
752 2474 1030 2550 deditos,
1093 2495 1354 2537 omnem
1414 2475 1579 2537 iram
1640 2475 1926 2537 hostium
1988 2475 2223 2537 nostris
2285 2475 2609 2554 capitibus

420 2587 479 2628 10
512 2574 937 2654 excipientes3
969 2595 1174 2637 novos
1207 2574 1499 2637 consules
1530 2574 1937 2654 legionesque
1972 2575 2303 2638 Romanas
2332 2575 2429 2638 ita
2459 2595 2607 2637 cum

515 2675 808 2737 Samnite
859 2695 1073 2753 gerere
1121 2674 1363 2737 bellum
1414 2674 1647 2750 velitiS,
1699 2681 1774 2737 ut
1822 2674 2044 2737 omnia
2092 2680 2245 2737 ante
2293 2696 2410 2738 nos
2459 2695 2610 2738 con-

419 2787 473 2829 11
513 2774 682 2837 sules
744 2774 914 2837 bella
973 2780 1156 2854 gesta
1214 2775 1412 2837 sunt!
1518 2773 1701 2849 Quae
1760 2774 1874 2836 ubi
1932 2774 2119 2850 dixit,
2167 2781 2360 2837 tanta
2416 2775 2607 2839 simul

514 2874 863 2937 admiratio
918 2875 1376 2955 miseratioque
1430 2875 1552 2935 viri
1604 2875 1863 2937 incessit
1916 2875 2228 2951 homines,
2285 2882 2360 2937 ut
2413 2875 2607 2949 modo

515 2975 627 3035 vix
684 2974 1018 3038 crederent
1074 2974 1255 3037 illum
1310 2974 1590 3037 eundem
1645 2994 1782 3037 esse
1838 2976 1945 3054 Sp.
2006 2975 2438 3051 Postumium,
2497 2977 2608 3055 qui

422 3087 479 3128 12
515 3081 743 3137 auctor
809 3081 948 3136 tam
1015 3075 1242 3137 foedae
1305 3075 1485 3155 pacis
1552 3075 1797 3151 fuisset,
1867 3075 2060 3137 modo
2128 3075 2605 3151 miserarentur,

517 3173 691 3253 quod
732 3174 830 3235 vir
866 3173 1015 3236 talis
1052 3175 1251 3236 etiam
1289 3176 1712 3254 praecipuum
1752 3175 1925 3255 apud
1964 3176 2182 3238 hostes
2218 3176 2607 3256 supplicium

514 3293 822 3351 passurus
866 3279 1034 3336 esset
1079 3273 1165 3336 ob
1209 3273 1372 3335 iram
1417 3274 1784 3354 diremptae,
1824 3275 2021 3354 pacis.

578 3593 626 3635 8.
659 3592 961 3643 Dedamur,
993 3595 1107 3635 etc.:
1144 3593 1229 3635 the
1262 3593 1435 3635 advice
1462 3593 1514 3634 ot
1674 3594 1724 3634 7.
1756 3593 2016 3637 scribere:
2074 3594 2316 3638 “enroll.”
2404 3594 2610 3644 placet:

515 3659 798 3702 Postumius
842 3661 896 3701 to
941 3659 1017 3701 his
1061 3662 1386 3711 countrymen
1430 3659 1514 3702 be-
1611 3669 1676 3701 sc.
1708 3659 1843 3701 mihi.
2020 3696 2025 3702 .

514 3736 676 3769 comes
703 3727 857 3778 cheap
884 3727 1096 3770 heroism
1123 3728 1173 3769 in
1201 3727 1286 3769 the
1310 3727 1434 3778 light
1462 3728 1514 3769 of
1674 3726 1724 3768 8.
1759 3726 1933 3770 cortu:
1960 3736 2039 3769 see
2064 3737 2129 3769 on
2159 3729 2199 3770 1.
2227 3730 2272 3770 4.

513 3792 589 3835 his
623 3793 893 3843 obligation
929 3797 982 3838 to
1018 3795 1103 3838 the
1139 3794 1398 3838 Samnites.
1466 3795 1515 3838 21
1676 3795 1756 3836 12.
1790 3802 2056 3845 passurus
2085 3794 2253 3837 esset:
2283 3794 2484 3837 “would
2512 3805 2612 3837 cer·

513 3868 650 3912 qua:
678 3872 743 3905 se.
771 3863 1011 3913 relim’one.
1612 3863 1772 3915 tainly
1794 3863 2067 3912 undergo;”
2090 3873 2169 3904 see
2191 3872 2260 3913 on
2277 3863 2439 3910 essent.
2466 3864 2510 3905 7.
2538 3863 2610 3904 15.
