2975 4367
483 324 618 361 m.
659 306 743 371 12]
1374 303 1615 358 LIBER
1649 304 1680 358 I
1791 332 1796 337 ·
1975 321 1980 326 ·
2511 310 2579 364 51

485 486 786 550 manibus
821 505 969 549 cum
1003 485 1135 549 iarn
1170 505 1304 549 non
1337 493 1558 549 motus
1592 494 1857 551 tantum
1892 506 2237 568 corporum
2272 488 2579 568 agitatio-

485 607 611 668 que
666 605 903 667 anceps
956 586 1234 649 telorum
1290 606 1768 667 armorumque,
1824 587 1936 649 sed
1993 588 2262 651 vulnera
2314 609 2581 670 quoque

484 694 552 750 et
601 687 864 766 sanguis
911 685 1282 767 spectaculo
1331 694 1567 761 essent,
1620 686 1751 749 duo
1803 687 2085 750 Romani
2134 707 2327 766 super
2378 689 2581 751 alium

487 788 668 863 alius,
720 787 1077 849 vulneratis
1123 786 1333 848 tribus
1382 785 1669 862 AlbaniS,
1720 787 2125 865 exspirantes
2173 795 2576 851 corruerunt.

419 901 451 943 c
484 887 585 949 Ad
647 906 925 967 quorum
985 905 1207 948 casum
1269 905 1417 947 cum
1478 885 1945 947 conclamasset
2003 887 2239 965 gaudio
2290 887 2583 949 Albanus

486 987 827 1062 exercitUS,
899 985 1233 1048 Romanas
1300 985 1579 1064 legiones
1643 985 1775 1048 iam
1840 1003 1986 1064 spes
2052 992 2215 1062 tota,
2284 987 2576 1049 nondum

488 1093 710 1149 tamen
755 1106 909 1148 cura
951 1086 1342 1161 deseruerat,
1387 1085 1719 1147 exanimes
1763 1085 1903 1148 vice
1943 1078 2155 1162 uniuS,
2201 1107 2401 1167 quam
2444 1093 2576 1149 tres

424 1201 452 1244 7
487 1186 756 1250 Curiatii
809 1186 1392 1249 circumsteterant.
1491 1186 1686 1248 Forte
1737 1186 1790 1247 is
1840 1186 2089 1265 integer
2137 1174 2285 1263 fuit,
2324 1193 2403 1251 ut
2441 1187 2585 1249 uni-

489 1286 689 1350 versis
726 1285 900 1348 solus
937 1306 1355 1366 nequaquam
1393 1305 1534 1365 par,
1574 1285 1665 1347 sic
1706 1285 2016 1348 adversus
2053 1286 2341 1365 singulos
2378 1287 2580 1349 ferox.

490 1388 680 1467 Ergo,
728 1393 806 1449 ut
852 1392 1214 1466 segregaret
1259 1405 1548 1465 pugnam
1594 1405 1839 1461 eorum,
1877 1386 2155 1466 capessit
2199 1387 2443 1465 fugam,
2487 1387 2584 1450 ita

487 1493 670 1550 ratus
722 1476 1077 1562 secuturos,
1132 1491 1207 1549 ut
1263 1504 1592 1566 quemque
1645 1484 1909 1547 vulnere
1963 1485 2293 1548 adfectum
2347 1505 2580 1566 corpus

421 1600 453 1643 8
486 1587 744 1649 sineret.
835 1586 979 1648 Iam
1025 1584 1437 1666 aliquantum
1497 1585 1692 1664 spatii
1749 1604 1833 1646 ex
1888 1604 1966 1648 eo
2028 1583 2188 1662 loc0‚
2250 1585 2363 1647 ubi
2422 1606 2585 1666 pug-

488 1693 719 1749 naturn
755 1692 875 1762 est,
915 1685 1276 1765 aufugerat,
1316 1704 1464 1746 cum
1501 1685 1844 1764 respiciens
1878 1683 2061 1748 videt
2096 1685 2347 1765 magnis
2379 1685 2579 1749 inter-

421 1801 452 1843 9
488 1785 675 1849 vallis
716 1793 1089 1866 sequentes;
1130 1804 1338 1847 unum
1372 1783 1549 1847 haud
1592 1784 1823 1864 procul,
1860 1784 1947 1848 ab
1988 1803 2126 1846 sese
2162 1785 2401 1848 abesse.
2493 1787 2573 1849 In

487 1905 637 1948 eum
696 1906 932 1965 magno
988 1885 1239 1964 impetu
1298 1884 1510 1961 rediit,
1568 1890 1636 1947 et
1692 1883 1851 1946 dum
1909 1885 2202 1948 Albanus
2256 1886 2585 1949 exercitus

488 1986 802 2049 inclamat
839 1985 1180 2060 Curiatios,
1220 1984 1321 2047 uti
1358 2004 1552 2064 opem
1590 1984 1805 2048 ferant
1844 1984 2051 2062 fratri,
2091 1986 2223 2048 iam
2264 1987 2584 2049 Horatius

491 2105 675 2149 caeso
742 2086 929 2149 hoste
996 2085 1205 2148 victor
1270 2084 1622 2147 secundam
1689 2103 1976 2165 pugnam
2016 2085 2306 2165 petebat.
2395 2087 2579 2149 Tunc

491 2186 788 2262 clamore,
847 2185 1056 2267 qualis
1110 2204 1193 2246 ex
1246 2185 1577 2265 insperato
1633 2185 1998 2247 faventium
2053 2185 2236 2262 solet,
2296 2186 2580 2249 Romani

492 2286 811 2349 adiuvant
856 2286 1129 2348 militem
1173 2304 1391 2362 suum3
1435 2291 1504 2347 et
1546 2283 1650 2346 ille
1692 2283 1958 2365 defungi
2000 2285 2243 2365 proelio
2289 2287 2575 2350 festinat.

394 2402 457 2445 10
492 2386 679 2448 Prius
712 2386 957 2466 itaque,
995 2406 1196 2466 quam
1233 2384 1414 2461 alter,
1444 2385 1557 2465 qui
1595 2404 1711 2447 nec
1747 2385 1970 2465 procul
1999 2385 2246 2463 aberat,
2278 2387 2579 2467 consequi

394 2503 452 2545 11
490 2492 728 2566 posset,
782 2493 850 2550 et
902 2486 1179 2549 alterum
1232 2485 1594 2548 Curiatium
1647 2485 1906 2548 conficit
1917 2507 1933 2564 ς
1984 2486 2246 2566 iamque
2298 2493 2581 2567 aequato

492 2586 700 2649 Marte
740 2585 973 2665 singuli
1012 2591 1413 2664 supererant,
1455 2584 1570 2646 sed
1611 2604 1728 2646 nec
1769 2604 1883 2664 spe
1924 2605 2041 2647 nec
2083 2586 2331 2647 viribus
2369 2606 2576 2667 pares,

492 2685 787 2749 Alterum
845 2686 1171 2749 intactum
1240 2685 1407 2747 ferro
1478 2704 1711 2764 corpus
1778 2692 1846 2748 et
1917 2686 2247 2765 geminata
2305 2686 2581 2750 victoria

490 2786 767 2848 ferocem
820 2786 913 2858 in,
941 2792 1270 2847 certamen
1323 2784 1592 2847 tertium
1645 2784 1850 2848 dabat
1860 2805 1877 2862 ;
1932 2785 2095 2848 alter
2146 2786 2388 2847 fessum
2443 2786 2584 2847 vul-

490 2905 658 2957 nere,
723 2887 964 2947 fessum
1027 2903 1213 2946 cursu
1278 2885 1544 2947 trahens
1604 2903 1839 2963 corpus
1900 2885 2242 2965 victusque
2302 2886 2582 2948 fratrum

394 3002 456 3045 12
490 2992 643 3048 ante
681 3004 748 3047 se
786 2993 1001 3065 strage
1040 2983 1270 3047 victori
1307 2983 1591 3047 obicitur
1627 2983 1821 3046 hosti.
1912 2984 2047 3046 Nec
2075 2984 2234 3046 illud
2262 2985 2581 3064 proelium

487 3168 806 3222 spectaculo
832 3170 1043 3214 essentz
1070 3169 1279 3223 keeping
1306 3179 1375 3222 up
1402 3168 1488 3212 the
1651 3170 1730 3212 1⁰.
1766 3169 1906 3213 altor
1948 3199 1964 3214 .
2012 3199 2028 3214 .
2078 3200 2092 3213 .
2131 3169 2400 3215 alterum}
2458 3170 2585 3213 from

487 3238 639 3288 figure
668 3239 720 3280 in
751 3241 796 3282 2.
1587 3240 1685 3279 two
1714 3237 1878 3289 points
1905 3238 1957 3279 of
1983 3237 2127 3281 view:
2158 3237 2285 3280 “the
2311 3238 2454 3281 other
2481 3269 2495 3282 .
2526 3269 2539 3282 .
2571 3269 2585 3282 .

551 3308 599 3350 6.
633 3307 778 3350 vice:
806 3307 923 3349 “for
951 3306 1038 3349 the
1064 3305 1168 3349 fate
1194 3305 1297 3348 013¹
1586 3315 1616 3346 a
1645 3304 1874 3347 second.''

549 3374 600 3416 ⁰1.
632 3373 701 3417 ut
728 3402 743 3416 .
770 3402 785 3417 .
813 3403 827 3416 .
850 3374 953 3418 3102
977 3373 1208 3423 “though
1232 3404 1245 3417 .
1270 3403 1284 3416 .
1310 3404 1323 3417 .
1347 3371 1489 3425 yet,”
1650 3372 1729 3414 11.
1762 3371 2035 3421 Alterum.
2060 3375 2177 3416 etc.:
2222 3371 2349 3416 “the
2378 3383 2485 3420 one.
2511 3372 2590 3415 his

488 3451 544 3483 as
580 3440 719 3483 often
757 3441 809 3483 in
851 3440 991 3492 Livy.
1063 3440 1378 3484 secuturos:
1418 3450 1485 3483 sc.
1585 3439 1720 3490 body
1755 3438 2027 3482 unscathed
2064 3439 2132 3491 by
2169 3438 2255 3482 the
2290 3439 2446 3481 sword
2485 3438 2586 3482 and

487 3519 576 3557 eoa.
646 3508 722 3551 his
789 3511 1079 3560 opponente.
1150 3517 1205 3549 as
1273 3507 1483 3557 subject.
1585 3508 1659 3549 his
1707 3505 1930 3549 two-sold
1979 3507 2174 3557 victory
2222 3505 2368 3548 made
2415 3516 2587 3548 ecura-

548 3579 597 3620 8.
633 3575 812 3620 videt:
843 3574 905 3617 he
932 3585 1035 3617 sees
1061 3571 1173 3616 first
1194 3573 1483 3627 physica11y‚
1585 3574 1782 3624 geous.”
1835 3573 1970 3616 anto
1990 3581 2071 3615 se:
2095 3573 2301 3615 “before
2321 3572 2396 3615 1118
2419 3571 2587 3623 eyeS.”

487 3642 606 3685 then
667 3642 921 3693 mentally.
976 3652 1031 3684 as
1092 3641 1180 3684 the
1239 3641 1487 3693 following
1585 3641 1849 3685 obicitur:
1897 3640 2081 3683 middle
2129 3641 2282 3683 voice.
2365 3639 2436 3682 Cf.
2486 3649 2586 3681 ver-

486 3711 846 3753 constructions
875 3709 1025 3752 show.
1583 3710 1747 3751 cuntur
1780 3708 1898 3758 (13).

548 3778 598 3820 9.
633 3786 697 3820 ex
775 3777 1058 3828 imperato
1136 3776 1484 3821 faventium:
1647 3778 1726 3820 12.
1759 3776 2008 3819 fratrum
2109 3773 2397 3820 Manibus:
2500 3773 2587 3816 the

486 3844 607 3888 such
638 3856 693 3887 as
724 3845 765 3887 is
796 3845 947 3889 theirs
982 3845 1132 3887 “who
1172 3845 1314 3888 chcer
1357 3846 1483 3889 after
1583 3844 1758 3887 shades
1781 3844 1832 3886 of
1855 3843 1930 3885 his
1954 3853 2062 3884 own
2089 3846 2187 3885 two
2212 3841 2436 3883 brothers
2459 3850 2587 3883 were

486 3914 645 3967 los-ing
675 3914 738 3957 all
771 3912 952 3967 hope.’'
1583 3912 1699 3954 thus
1763 3909 2006 3963 supposed
2074 3913 2127 3952 to
2193 3909 2255 3952 be
2321 3906 2584 3960 appensed.
