2975 4367
459 2074 488 2117 7
524 2060 764 2116 temere
843 2072 979 2116 esse
1058 2059 1301 2116 rentur.

521 372 592 430 70
1439 368 1503 425 Τ.
1542 367 1702 425 LIVI

2424 366 2539 436 [lix.
2575 372 2613 429 2

454 568 488 614 3
519 554 772 618 ducem.
860 553 1126 617 Elatum
1168 552 1363 615 domo
1407 552 1745 615 Lucretiae
1787 572 2018 632 corpus
2057 551 2126 616 in
2176 553 2391 614 forum
2439 552 2614 617 defe-

521 662 695 732 runt,
721 654 1146 734 concientque
1184 652 1515 729 miraculo,
1552 660 1630 716 ut
1668 654 1763 730 fit,
1793 653 1883 714 rei
1921 672 2129 716 novae
2168 659 2367 734 atque
2403 653 2612 735 indig-

455 769 487 813 4
520 756 729 818 nitate
772 754 1083 817 homines.

522 861 900 936 queruntur.

1172 754 1298 816 Pro
1348 772 1416 817 se
1467 753 1742 834 quisque
1791 753 1997 817 scelus
2046 753 2292 832 regium
2346 773 2421 816 ac
2474 755 2610 817 vim

991 854 1214 917 Movet
1281 873 1430 914 cum
1458 877 1476 887 .
1498 853 1704 932 patris
1767 853 2112 930 maestitia,
2168 860 2312 917 tum
2366 855 2613 920 Brutus

521 948 873 1034 castigator
919 953 1330 1016 lacrimarum
1379 960 1579 1034 atque
1626 953 1933 1016 inertium
1983 953 2412 1035 querellarum
2462 975 2613 1018 auc-

521 1061 772 1136 torque,
821 1053 996 1135 quod
1043 1054 1233 1130 viros,
1282 1053 1457 1134 quod
1506 1054 1837 1116 Romanos
1882 1054 2155 1130 deceret,
2207 1076 2388 1118 arma
2434 1056 2613 1136 capi-

456 1173 486 1214 5
520 1154 669 1217 endi
762 1154 1072 1217 adversus
1162 1152 1421 1216 hostilia
1513 1172 1721 1216 ausos.

1813 1154 2271 1218 Ferocissimus
2333 1155 2612 1238 quisque

520 1254 832 1320 iuvenum
907 1273 1057 1315 cu1n
1132 1253 1328 1316 armis
1405 1234 1811 1316 voluntarius
1887 1254 2072 1317 adest
2084 1275 2099 1331 3
2176 1256 2472 1336 sequitur
2545 1263 2613 1319 et

523 1362 738 1418 cetera
783 1354 1109 1416 iuventus.

1199 1350 1362 1415 lnde
1411 1359 1599 1432 parte
1648 1353 1968 1432 praesidio
2009 1353 2235 1417 relicta
2277 1356 2611 1433 Collatiae,

523 1453 1030 1534 custodibusque
1085 1452 1169 1515 ad
1224 1459 1448 1532 portas
1503 1452 1750 1529 locatis,
1809 1473 1890 1516 ne
1946 1454 2090 1534 quis
2146 1474 2297 1516 eum
2355 1463 2611 1519 motum

522 1553 779 1633 regibus
843 1553 1193 1630 nuntiaret,
1262 1551 1457 1615 ceteri
1524 1553 1759 1615 armati
1823 1553 1987 1615 duce
2052 1555 2261 1618 Bruto
2329 1555 2612 1619 Romam

521 1653 813 1733 profecti.

647 1753 778 1818 Ubi
851 1773 928 1817 eo
1005 1759 1278 1816 ventum
1352 1758 1474 1829 est,
1552 1772 1964 1835 quacumque
2038 1753 2283 1819 incedit
2358 1763 2616 1821 armata

524 1853 899 1929 multitudo,
975 1872 1286 1932 pavorem
1361 1872 1436 1915 ac
1512 1853 1873 1916 tumultum
1947 1854 2133 1932 facit;
2208 1875 2428 1920 rursus
2498 1857 2616 1919 ubi

524 1953 769 2017 anteire
832 1953 1144 2033 primores
1208 1952 1498 2015 civitatis
1564 1952 1809 2029 vident,
1878 1953 2197 2035 quidquid
2262 1955 2368 2033 sit,
2437 1957 2615 2020 haud

1392 2052 1528 2113 Nec
1593 2052 1909 2114 minorem
1952 2061 2207 2117 motum
2249 2056 2616 2118 animorum

525 2154 774 2216 Romae
840 2160 978 2216 tam
1045 2160 1235 2216 atrox
1298 2172 1398 2215 res
1462 2151 1641 2227 facit,
1710 2172 1910 2233 quam
1974 2152 2286 2217 Collatiae
2351 2155 2613 2220 fecerat.

526 2254 696 2332 Ergo
735 2274 818 2315 ex
859 2252 1163 2315 omnibus
1223 2250 1378 2315 locis
1438 2251 1614 2315 orbis
1675 2251 1743 2315 in
1804 2252 2018 2315 forum
2082 2254 2379 2317 curritur.

2470 2257 2616 2333 Quo

523 2351 715 2417 simul
782 2360 1054 2416 ventum
1119 2359 1240 2427 est,
1308 2370 1542 2433 praeco
1611 2351 1693 2414 ad
1762 2353 2099 2415 tribunum
2166 2354 2480 2432 Celerum,
2548 2355 2616 2419 in

526 2473 655 2534 quo
702 2460 847 2517 tum
894 2453 1282 2533 magistratu
1332 2451 1501 2514 forte
1549 2452 1794 2515 Brutus
1841 2459 2001 2529 erat,
2051 2454 2367 2534 populum
2416 2455 2618 2519 advo-

460 2576 491 2619 8
527 2554 720 2616 cavit.

813 2552 914 2615 Ibi
949 2553 1156 2615 oratio
1203 2551 1431 2615 habita
1476 2571 1893 2632 nequaquam
1938 2553 2075 2616 eius
2120 2555 2399 2633 pectoris
2442 2555 2618 2635 inge-

438 2701 441 2704 Α
525 2654 763 2734 niique,
815 2652 990 2734 quod
1038 2651 1419 2714 simulatum
1467 2650 1551 2713 ad
1600 2672 1746 2713 eam
1792 2651 1966 2713 diem
2014 2652 2248 2729 fuerat,
2298 2653 2379 2716 de
2427 2655 2493 2717 vi
2542 2676 2616 2718 ac

527 2752 789 2815 libidine
839 2754 983 2816 Sex.
1034 2750 1388 2832 Tarquinii,
1439 2750 1521 2812 de
1569 2758 1798 2831 stupro
1843 2742 2115 2816 infando
2165 2754 2501 2818 Lucretiae
2548 2762 2618 2818 et

528 2851 873 2916 miserabili
917 2851 1131 2926 caede,
1177 2851 1256 2912 de
1298 2851 1582 2914 orbitate
1625 2851 2005 2931 Tricipitini,
2052 2853 2155 2914 cui
2199 2861 2406 2917 morte
2450 2854 2617 2917 filiae

463 2978 494 3020 ο
530 2973 725 3016 causa
794 2952 1021 3015 mortis
1089 2951 1411 3030 indignior
1480 2971 1554 3013 ac
1626 2951 2048 3014 miserabilior
2090 2960 2278 3016 esset.

2369 2953 2619 3018 Addita

526 3052 829 3133 superbia
886 3051 1087 3132 ipsius
1146 3051 1310 3130 regis
1370 3051 1791 3131 miseriaeque
1849 3058 1918 3114 et
1978 3051 2228 3116 labores
2286 3053 2491 3133 plebis
2549 3054 2619 3117 in

527 3153 731 3217 fossas
802 3152 1179 3232 cloacasque
1248 3150 1722 3214 exhauriendas
1790 3151 2146 3214 demersae:

590 3304 639 3347 4.
671 3302 887 3349 Movet:
959 3302 1198 3346 translate
1277 3301 1523 3354 passively

528 3375 582 3415 to
623 3372 764 3420 bring
805 3374 892 3413 out
935 3370 1021 3413 the
1061 3370 1326 3421 emphasis:
1370 3370 1522 3412 “men

527 3449 650 3481 were
704 3438 966 3482 affected.”
1053 3437 1274 3481 auctor:
1332 3438 1525 3479 “advo-

527 3505 746 3555 cating;'’
817 3508 1024 3547 connect
1094 3505 1214 3547 with
1285 3505 1522 3555 capiendi.

528 3573 701 3624 quod:
730 3590 774 3605 -==
800 3572 865 3621 id,
888 3573 1022 3623 quod,
1046 3572 1372 3623 anticipating
1390 3583 1526 3614 arma

527 3639 763 3690 capiendi.
839 3639 1104 3683 adversus
1154 3668 1167 3682 .
1215 3667 1230 3681 .
1278 3668 1291 3682 .
1336 3647 1525 3683 auson:

537 3726 580 3741 ==
606 3708 711 3750 adv.
746 3717 836 3756 eos.
872 3706 956 3758 qui
988 3706 1179 3749 hostilia
1212 3705 1324 3749 ausi
1356 3708 1526 3756 essent,-

529 3774 842 3826 brachylogy.

591 3844 640 3886 ὅ.
673 3841 921 3892 regibus:
943 3841 1192 3890 including
1212 3841 1454 3883 members
1474 3842 1527 3883 of

528 3909 615 3954 the
646 3908 784 3959 royal
817 3907 1004 3959 family.
1072 3908 1143 3950 Cf.
1179 3910 1254 3950 41.
1291 3910 1334 3951 3.

592 3976 642 4019 ¹1.
678 3974 953 4020 celerum:
1016 3974 1101 4017 the
1151 3974 1308 4024 king’s
1370 3974 1526 4026 body-

2285 3153 2620 3218 Romanos

1622 3301 1776 3353 guard
1833 3303 1927 3352 (15.
1979 3303 2048 3353 8).
2133 3303 2261 3346 That
2311 3304 2439 3348 their
2487 3316 2621 3348 com-

1623 3370 1826 3414 mandet
1899 3371 2043 3413 could
2117 3370 2294 3423 legally
2367 3372 2457 3415 call
2534 3373 2621 3417 the

1623 3437 1881 3489 assembly.
1926 3448 1980 3479 as
2022 3438 2165 3481 could
2209 3439 2295 3482 the
2335 3439 2620 3491 republican

1623 3505 1842 3555 maffister
1866 3505 2087 3555 equitum,
2116 3507 2158 3549 is
2184 3505 2428 3550 doubtful.

1686 3573 1735 3614 8.
1770 3572 2105 3623 Tricipitini:
2148 3573 2235 3617 the
2266 3584 2535 3625 cognomen
2569 3575 2622 3618 of

1626 3639 1892 3682 Lucretia’s
1919 3640 2094 3684 father.

1685 3708 1736 3750 9.
1770 3707 1998 3751 Addita:
2032 3719 2098 3751 sc.
2124 3710 2202 3757 est.
2239 3719 2294 3751 as
2325 3708 2446 3752 with
2477 3719 2621 3751 mem-

1625 3775 1755 3816 orata
1814 3774 1983 3818 below.
2076 3783 2175 3826 pro
2234 3774 2619 3821 bellatoribus:

1627 3840 1855 3883 ⁰¹instead
1895 3842 1946 3883 of
1980 3843 2202 3884 warriors
2238 3842 2397 3885 true.''
2467 3842 2621 3886 Bella-

1624 3908 1802 3951 toribuc
1843 3908 1883 3950 is
1928 3908 2176 3959 Virgilian.
2250 3909 2500 3955 invectat
2540 3910 2619 3955 Le.

1626 3974 1711 4017 the
1737 3975 1837 4017 fact
1867 3975 1977 4018 that
2006 3976 2091 4018 she
2117 3976 2269 4020 drove
2301 3978 2394 4027 (48.
2424 3978 2491 4029 7).
