2975 4367
441 1214 462 1254 1

439 1612 469 1653 2
503 1609 797 1681 tempore
834 1602 916 1663 de
954 1622 1032 1664 ea
1068 1621 1135 1664 re
1175 1601 1258 1664 ad
1296 1601 1613 1682 populum
1641 1602 1934 1664 ferretur.

437 2308 469 2351 4
502 2298 768 2362 ferenda
830 2320 1002 2362 nunc
1069 2300 1150 2363 ad
1218 2301 1604 2364 accersenda
1649 2300 1958 2364 adversus
2021 2321 2088 2364 se
2153 2300 2411 2362 auxilia.

434 2809 465 2852 5

438 3008 467 3051 6

504 323 606 377 134

1427 321 1495 378 Τ.
1530 319 1690 377 LIVI

2319 317 2494 385 [xxxi.
2535 320 2599 372 10

501 504 734 580 verbiS,
796 510 873 567 ut
933 505 1159 584 Capua
1215 504 1374 567 urbe
1433 504 1899 585 Campanoque
1960 525 2113 584 agro
2173 503 2593 566 abstinerent.

409 615 460 655 11
502 606 682 667 Haec
736 604 965 684 legatis
1004 604 1346 682 agentibus
1397 604 1466 666 in
1520 603 1788 667 concilio
1835 604 2229 667 Samnitium
2284 603 2445 666 adeo
2497 609 2598 666 est

500 704 799 767 ferociter
821 723 1225 784 responsum,
1253 711 1327 767 ut
1352 725 1484 766 non
1507 703 1718 766 solum
1742 711 2035 783 gesturos
2058 724 2126 766 se
2149 723 2286 766 esse
2309 704 2599 767 dicerent

409 814 464 855 12
498 804 565 866 id
611 803 875 880 bellum,
922 803 1034 867 sed
1082 803 1505 882 magistratus
1548 824 1772 866 eorum
1818 824 1853 866 e
1898 804 2076 866 curia
2118 803 2352 882 egressi
2420 809 2601 866 stan-

502 905 680 968 tibus
724 903 954 982 legatis
997 903 1362 983 praefectos
1407 904 1774 967 cohortium
1821 910 2132 966 vocarent
2175 903 2382 983 iisque
2427 902 2602 966 clara

502 1024 662 1067 voce
717 1004 1132 1083 imperarent,
1194 1010 1270 1066 ut
1327 1002 1719 1084 praedatum
1778 1003 1845 1064 in
1904 1023 2131 1082 agrum
2190 1004 2600 1083 Campanum
2646 1003 2671 1036 ⁴

502 1103 834 1183 extemplo
869 1103 1442 1183 proficiscerentur.

627 1203 925 1266 XXXII.
975 1204 1118 1265 Hac

1225 1202 1544 1281 legatione

1651 1203 1932 1266 Romam
2038 1202 2262 1278 relata,
2370 1203 2601 1281 positis

501 1304 796 1366 omnium
853 1301 1125 1365 aliarum
1181 1322 1396 1364 rerum
1452 1303 1640 1379 curis,
1699 1309 1919 1383 patres
1948 1301 2305 1365 'fetialibus
2361 1301 2444 1364 ad
2499 1322 2601 1364 res

502 1403 890 1482 repetendas
986 1403 1195 1465 missis
1290 1401 1608 1482 belloque,

1708 1403 1863 1482 quia
1942 1423 2074 1465 non
2154 1402 2597 1476 redderentur,

501 1502 796 1565 sollemni
860 1522 1038 1564 more
1102 1503 1347 1565 indicto
1411 1503 1860 1579 decreverunt,
1926 1508 2003 1564 ut
2067 1502 2275 1581 primo
2339 1522 2601 1583 quoque

2020 1603 2341 1682 Iussuque
2368 1600 2595 1681 populi

507 1701 799 1765 consules
860 1701 1055 1765 ambo
1116 1721 1266 1764 cum
1325 1701 1583 1764 duobus
1641 1702 2032 1765 exercitibus
2094 1702 2177 1764 ab
2236 1701 2396 1764 urbe
2455 1721 2603 1780 pro-

508 1800 680 1878 fecti,
742 1801 1035 1864 Valerius
1092 1801 1160 1863 in
1217 1801 1666 1880 Campaniam,
1727 1801 2056 1864 Cornelius
2113 1801 2181 1863 in
2239 1801 2600 1876 Samnium,

504 1900 607 1963 ille
641 1901 721 1963 ad
756 1908 1049 1963 montem
1082 1902 1395 1977 Gaurum,
1431 1901 1534 1963 hic
1569 1901 1649 1964 ad
1685 1901 2043 1964 Saticulam
2075 1908 2291 1963 castra
2320 1906 2597 1981 ponunt.

438 2009 469 2052 3
504 2000 709 2063 Priori
752 2000 1007 2063 Valerio
1052 2001 1446 2064 Samnitium
1489 2000 1769 2080 legiones
1793 2036 1875 2044 —
1895 2021 1972 2064 eo
2007 2020 2292 2081 namque
2335 2020 2598 2062 omnem

503 2099 652 2162 belli
693 2100 930 2162 molem
969 2099 1429 2163 inclinaturam
1471 2101 1824 2163 censebant
1843 2106 2308 2164 —occurrunt.

2391 2099 2596 2162 Simul

502 2199 568 2261 in
629 2199 996 2278 Campanos
1054 2200 1441 2264 stimulabat
1501 2201 1616 2277 ira,
1680 2208 1819 2264 tam
1880 2207 2219 2280 promptos
2280 2220 2452 2262 nunc
2513 2199 2598 2261 ad

2504 2299 2599 2363 Ut

504 2418 657 2461 vero
707 2406 922 2462 castra
970 2400 1274 2462 Romana
1323 2400 1648 2477 viderunt,
1699 2401 1999 2463 ferociter
2043 2421 2160 2480 pro
2208 2420 2275 2463 se
2325 2400 2600 2481 quisque

501 2499 757 2577 signum
804 2499 1000 2562 duces
1045 2520 1333 2579 poscere,
1382 2499 1724 2563 adfirmare
1769 2501 1998 2563 eadem
2045 2501 2311 2562 fortuna
2357 2500 2600 2561 Roma-

502 2618 659 2660 num
712 2598 1046 2678 Campano
1099 2599 1388 2662 laturum
1438 2619 1651 2679 opem,
1707 2621 1839 2681 qua
1889 2601 2260 2679 Campanus
2313 2598 2598 2662 Sidicino

502 2697 742 2761 tulerit.

627 2798 962 2861 XXXIII.
1014 2799 1357 2876 Proelium,
1403 2806 1479 2863 ut
1525 2800 1699 2881 quod
1746 2800 2030 2863 maxime
2072 2820 2409 2880 umquam,
2456 2799 2598 2878 pari

500 2919 615 2979 spe
659 2899 1012 2980 utrimque,
1063 2900 1287 2980 aequis
1333 2900 1597 2975 viribus,
1647 2920 1797 2963 cum
1843 2899 2083 2962 fiducia
2125 2899 2223 2962 sui
2269 2900 2406 2962 sine
2451 2920 2603 2961 con-

504 3005 765 3079 temptu
824 3000 1109 3063 hostium
1168 3001 1587 3064 commissum
1643 3007 1760 3065 est.

565 3166 645 3210 12.
679 3166 990 3211 stantibus:
1020 3185 1063 3200 -
1090 3167 1401 3211 adstantibus.

566 3234 791 3279 XXXII.
818 3235 865 3278 1.
882 3234 1195 3279 fetialibus:
1219 3235 1304 3278 the
1326 3235 1507 3286 college

502 3301 553 3343 of
587 3305 779 3354 twenty
801 3303 984 3354 fetiales
1006 3312 1131 3345 were
1154 3287 1506 3345 international

502 3369 809 3412 arbitrator&
882 3369 1018 3420 They
1055 3369 1331 3413 demanded
1368 3371 1508 3412 resti·

503 3437 681 3485 tution.
715 3436 939 3479 declared
969 3447 1069 3478 war
1097 3438 1225 3479 atter
1252 3447 1283 3479 a
1309 3441 1428 3480 vote
1455 3422 1510 3479 of

503 3503 590 3546 the
621 3503 808 3554 people‚
844 3503 942 3544 and
977 3504 1203 3555 tormally
1235 3504 1505 3547 concluded

504 3580 666 3622 peace.
805 3571 1193 3614 redderentur:
1299 3573 1505 3615 indirect

505 3637 734 3689 thought.
831 3640 934 3683 The
994 3641 1207 3684 demand
1270 3653 1371 3685 was
1431 3643 1507 3684 for

505 3705 809 3759 Campanian
844 3712 1080 3760 property
1112 3709 1272 3752 which
1304 3709 1508 3752 became

505 3773 704 3817 Rome’s
737 3775 998 3825 according
1029 3779 1083 3818 to
1115 3776 1201 3819 the
1232 3777 1505 3820 surrender.

503 3841 687 3892 primo
732 3849 981 3892 quoque:
1026 3843 1089 3885 ct.
1134 3853 1199 3885 on
1245 3846 1289 3886 3.
1336 3846 1412 3887 54.
1458 3845 1505 3886 5.

504 3907 608 3951 The
645 3911 830 3958 senate,
873 3909 1040 3959 acting
1079 3910 1154 3952 for
1192 3910 1278 3953 the
1317 3910 1503 3963 people.

1854 3000 2257 3063 Samnitibus
2294 2999 2601 3062 ferociam

1604 3167 1702 3210 had
1735 3168 1786 3210 in
1819 3167 1918 3211 fact
1954 3167 2155 3221 already
2185 3169 2338 3213 voted
2370 3169 2456 3214 the
2486 3179 2603 3213 war.

1667 3236 1717 3278 2.
1753 3237 2030 3279 Gaurum:
2075 3247 2193 3279 near
2238 3238 2324 3280 the
2367 3241 2504 3280 coast
2543 3237 2603 3280 N.

1605 3303 1657 3344 ot
1713 3304 1910 3347 Cumae.
2000 3303 2330 3349 Saticulamz
2385 3316 2415 3348 a
2471 3308 2603 3347 town

1606 3380 1741 3412 some
1778 3374 1863 3412 ten
1901 3371 2039 3413 miles
2077 3372 2136 3414 Ε.
2174 3371 2227 3414 of
2264 3372 2447 3423 Capua,
2487 3381 2607 3414 over

1607 3436 1692 3478 the
1728 3436 1949 3480 Samnite
1987 3438 2178 3481 border.

1669 3508 1716 3550 8.
1752 3504 2111 3549 stimulabat:
2144 3517 2211 3550 sc.
2234 3517 2325 3558 eos.
2360 3510 2415 3551 to
2445 3507 2607 3550 which

1606 3574 1828 3616 adversus
1859 3585 1908 3617 se
1939 3576 2103 3619 refers.

1668 3643 1719 3686 4.
1753 3643 1974 3688 tulerit:
2003 3655 2082 3687 see
2111 3645 2302 3689 Introd.
2326 3647 2380 3690 V.
2408 3648 2451 3690 4.
2476 3646 2510 3699 r.

1669 3709 1922 3756 XXXIII.
1958 3714 2007 3756 5.
2040 3713 2109 3756 ut
2147 3742 2160 3756 .
2199 3741 2213 3756 .
2252 3742 2266 3756 .
2299 3721 2607 3765 umquam:

1605 3787 1636 3819 a
1673 3778 1936 3823 shortened
1976 3780 2304 3831 comparison:
2341 3780 2440 3824 like
2479 3781 2605 3832 Eng.

1607 3845 1685 3888 “if
1714 3856 1828 3889 ever
1857 3857 1957 3899 any
1986 3847 2137 3890 waS.’'

1669 3915 1719 3956 e.
1752 3913 2001 3965 aequalia
2035 3914 2296 3960 victoria:
2332 3916 2403 3958 “a
2435 3916 2605 3960 record

2636 1126 2642 1155 l
