2975 4367
424 314 492 368 74
1321 313 1385 368 T.
1425 313 1585 368 LIVI
2388 316 2443 381 [i.
2485 320 2518 371 5

423 515 642 559 rorum
666 494 1032 577 caritasque
1053 496 1255 576 ipsius
1276 495 1413 573 soli,
1435 496 1538 557 cui
1562 495 1751 575 longo
1776 503 2068 578 tempore
2092 495 2512 575 adsuescitur,

357 606 387 647 6
424 596 675 659 animos
755 615 979 658 eorum
1039 596 1507 659 consociasset?
1595 596 1965 676 Dissipatae
2045 617 2144 660 res
2224 598 2515 660 nondum

424 695 689 759 adultae
744 696 1066 759 discordia
1120 696 1354 773 forent,
1413 715 1578 778 quas
1632 696 1800 759 fovit
1872 697 2224 778 tranquilla
2295 697 2515 760 mode-

423 797 591 860 ratio
623 797 895 876 imperii,
921 816 1127 877 eoque
1154 796 1503 859 nutriendo
1535 796 1863 875 perduxit,
1888 804 1965 860 ut
1993 796 2234 859 bonam
2266 798 2516 877 frugem

357 908 385 951 7
422 897 744 960 libertatis
796 897 1071 959 maturis
1106 897 1237 959 iarn
1274 896 1521 959 viribus
1571 896 1734 958 ferre
1784 904 2067 976 possent.
2165 897 2515 961 Libertatis

289 996 295 1001 ’
423 1005 644 1061 autem
711 997 1023 1076 originem
1087 996 1238 1059 inde
1304 996 1528 1075 magis,
1597 996 1750 1077 quia
1816 1017 2106 1058 annuum
2171 996 2515 1076 imperium

423 1097 756 1161 consulare
797 1097 1047 1160 factum
1087 1103 1207 1172 est,
1250 1115 1451 1177 quam
1492 1095 1668 1175 quod
1710 1096 2122 1159 deminutum
2163 1097 2514 1177 quicquam

355 1208 386 1251 8
420 1198 506 1261 sit
570 1218 653 1260 ex
718 1198 892 1277 regia
958 1203 1307 1276 potestate,
1376 1215 1694 1258 numeres.
1786 1195 2022 1258 Omnia
2085 1196 2246 1272 iura,
2297 1197 2517 1260 omnia

420 1297 696 1378 insignia
751 1297 942 1377 primi
1001 1296 1293 1359 consules
1348 1303 1613 1358 tenuere
1625 1316 1640 1371 ;
1696 1295 1762 1356 id
1820 1295 2014 1358 modo
2071 1304 2339 1359 cautum
2393 1304 2512 1372 est,

421 1418 520 1474 ne,
561 1397 614 1461 si
653 1397 847 1460 ambo
888 1398 1092 1459 fasces
1131 1396 1466 1471 haberent,
1508 1395 1881 1475 duplicatus
1919 1403 2126 1458 terror
2163 1396 2506 1459 videretur.

546 1500 792 1560 Brutus
850 1497 1044 1577 prior,
1098 1496 1495 1559 concedente
1541 1495 1801 1575 collega,
1850 1496 2053 1559 fasces
2097 1496 2356 1574 habuit,
2402 1496 2515 1577 qui

420 1620 550 1662 non
594 1598 800 1660 acrior
843 1596 1084 1659 vindex
1129 1595 1449 1658 libertatis
1495 1596 1727 1671 fuerat,
1774 1615 1975 1676 quam
2018 1595 2251 1658 deinde
2296 1604 2514 1660 custos

354 1710 384 1752 9
418 1698 563 1761 fuit.
654 1697 979 1761 Omnium·
1004 1697 1287 1777 primum
1337 1695 1608 1759 avidum
1660 1715 1870 1759 novae
1932 1695 2251 1760 libertatis
2310 1716 2518 1777 popu-

420 1798 574 1873 lum,
646 1816 727 1860 ne
758 1866 763 1870 ,
795 1797 1218 1877 postmodum
1288 1796 1458 1859 flecti
1526 1796 1824 1875 precibus
1891 1803 2008 1859 aut
2075 1795 2262 1860 donis
2329 1797 2517 1875 regiis

419 1904 656 1977 posset,
705 1898 843 1959 iure
894 1897 1169 1959 iurando
1236 1896 1454 1974 adegit
1514 1895 1840 1959 neminem
1900 1898 2151 1960 Romae
2214 1917 2518 1976 passuros

325 2010 383 2051 10
419 2018 702 2077 regnare.
794 1996 1064 2073 Deinde,
1106 2017 1235 2077 quo
1280 1997 1427 2076 plus
1464 1996 1701 2058 virium
1753 1996 1820 2059 in
1872 2005 2103 2060 senatu
2150 1996 2518 2078 frequentia

417 2096 618 2159 etiam
662 2095 905 2160 ordinis
942 2097 1203 2173 faceret,
1244 2096 1551 2160 caedibus
1586 2096 1750 2175 regis
1793 2096 2205 2162 deminutum
2250 2105 2515 2177 patrum

418 2216 761 2259 numerum
811 2197 1202 2277 primoribus
1249 2197 1569 2277 equestris
1618 2197 1855 2276 gradus
1904 2197 2085 2261 lectis
2134 2197 2218 2260 ad
2267 2204 2516 2261 trecen-

321 2312 378 2352 11
418 2304 635 2360 torum
690 2317 1018 2360 summam
1072 2297 1388 2377 explevit3
1445 2297 1895 2378 traditumque
1948 2297 2099 2360 inde
2154 2298 2378 2374 fertur,
2434 2305 2512 2361 ut

417 2396 484 2459 in
548 2403 852 2460 senatum
920 2405 1329 2473 vocarentur,
1399 2397 1511 2477 qui
1576 2405 1796 2477 patres
1861 2398 2101 2478 quique
2168 2398 2515 2478 conscripti

416 2504 658 2560 essent:
750 2485 1168 2577 conscriptos,
1218 2497 1520 2560 videlicet
1565 2518 1813 2560 novum
1857 2506 2180 2574 senatum,
2231 2497 2515 2578 appella-

417 2596 580 2660 bant
623 2597 841 2661 lectos.

417 2697 705 2760 civitatis
757 2697 1246 2777 iungendosque
1297 2697 1597 2777 patribus
1648 2698 1855 2778 plebis
1907 2697 2176 2762 animos.
2229 2696 2238 2705 '

933 2598 1011 2659 Id
1054 2598 1291 2660 mirum
1320 2605 1645 2678 quantum
1687 2598 1933 2677 profuit
1975 2598 2057 2661 ad
2101 2598 2513 2661 concordiam
2598 2662 2605 2669 ,

415 2985 526 3029 wife
564 2984 661 3028 and
703 2983 919 3027 children
959 2984 1080 3026 hath
1122 2984 1265 3034 given
1305 2984 1415 3027 hos-

416 3057 553 3103 tages
617 3057 670 3095 to
734 3051 1225 3095 fortune.''—Bacon.
1324 3052 1416 3095 ad·

415 3120 714 3165 sufficitur:
745 3119 1062 3172 impersonal;
1096 3120 1229 3162 “one
1260 3130 1416 3170 grows

414 3186 699 3231 attached.''
870 3193 874 3197 ’

478 3257 526 3297 6.
561 3262 760 3306 eoque:
787 3255 881 3297 “to
906 3254 1025 3297 such
1052 3265 1081 3296 a
1107 3255 1289 3297 state.”

477 3323 526 3365 7.
559 3330 847 3366 annuum:
874 3321 1124 3372 emphatic
1150 3321 1413 3373 predicate.

415 3388 773 3433 diminutum
811 3418 824 3431 .
865 3418 877 3431 .
918 3419 929 3430 .
966 3389 1063 3431 sit:
1100 3389 1416 3439 subjunctive

417 3458 543 3499 from
568 3457 653 3499 the
678 3456 887 3506 analogy
912 3457 964 3497 of
988 3467 1017 3497 a
1042 3466 1214 3498 reason
1239 3456 1413 3499 denied

416 3525 543 3566 after
579 3534 677 3566 non
714 3525 850 3574 quod.
923 3524 1025 3566 The
1063 3524 1257 3566 consuls
1295 3535 1349 3566 as
1386 3535 1416 3566 a

415 3594 599 3634 matter
629 3591 681 3633 ot
711 3591 812 3633 fact
844 3591 942 3632 had
975 3591 1067 3633 less
1099 3601 1262 3642 power
1293 3592 1417 3634 than

413 3670 442 3700 a
471 3659 604 3708 king.

477 3726 526 3767 8.
559 3724 761 3768 tucos:
811 3724 896 3767 the
945 3724 1154 3767 bundles
1202 3725 1255 3767 of
1302 3725 1417 3767 rods

415 3793 534 3835 with
563 3803 679 3834 axes
708 3792 1013 3843 protruding‚
1044 3793 1218 3841 which,
1249 3804 1304 3835 as
1331 3794 1417 3836 the

413 3860 622 3910 insignia
662 3860 714 3901 ot
752 3859 979 3901 absolute
1018 3859 1288 3911 authority,
1331 3860 1416 3902 the

411 3927 578 3969 lictors
588 3925 772 3968 carried
785 3925 951 3967 before
962 3926 1047 3967 the
1058 3926 1218 3975 ruling
1229 3927 1412 3969 consul.

1575 2984 1625 3027 9.
1659 2983 1918 3029 avidum:
1948 2984 2097 3028 “who
2122 2996 2248 3029 were
2272 2985 2512 3037 jealous.''

1514 3054 1904 3103 postmodum:
1933 3072 1975 3087 =
2003 3056 2177 3105 postea.
2229 3063 2511 3105 passuros:

1517 3121 1653 3165 infin.
1733 3121 1809 3165 Sc.
1857 3133 1906 3164 se
1950 3123 2002 3164 in
2048 3133 2187 3166 sense
2231 3127 2510 3173 agreement

1513 3189 1634 3231 with
1667 3190 1914 3241 populum.

1577 3257 1655 3298 10.
1688 3256 2032 3308 frequentia:
2064 3258 2173 3309 “by
2203 3258 2289 3301 the
2318 3268 2512 3301 numer-

1512 3323 1605 3366 ical
1638 3324 1914 3374 strength.'’
1980 3325 2051 3367 Cf.
2087 3326 2172 3367 the
2203 3326 2429 3377 opposite
2460 3327 2511 3368 in

1517 3393 1556 3434 1.
1593 3392 1668 3434 49.
1704 3392 1747 3433 6.
1816 3391 1886 3434 ad
1920 3400 2212 3435 summam
2244 3392 2510 3443 explevit:

1514 3457 1773 3500 “rounded
1812 3463 1899 3501 out
1938 3463 1991 3501 to
2028 3470 2058 3501 a
2095 3459 2274 3503 total.''

1576 3528 1651 3569 11.
1677 3526 1982 3569 traditum:
1998 3528 2285 3578 containing
2301 3528 2387 3571 the
2400 3528 2509 3571 idea

1513 3592 1565 3634 ot
1585 3604 1701 3642 mos,
1727 3594 1768 3636 is
1794 3593 2015 3636 followed
2059 3594 2127 3646 by
2161 3595 2247 3638 the
2279 3595 2512 3647 explana-

1513 3663 1626 3711 tory
1668 3661 1720 3703 ut
1769 3660 1946 3704 clause.
2014 3662 2382 3713 conscriptos:
2425 3662 2510 3705 the

1515 3726 1726 3769 familiar
1766 3729 1921 3777 patres
1955 3729 2211 3779 conscripti
2258 3730 2300 3772 is
2335 3740 2365 3771 a
2400 3740 2511 3773 case

1513 3793 1565 3835 of
1590 3793 1867 3844 asyndeton
1893 3795 2130 3844 (=patres
2152 3796 2193 3838 et
2214 3795 2508 3847 conscripti),

1514 3871 1567 3901 as
1598 3861 1639 3903 is
1672 3861 1841 3903 shown
1874 3861 2003 3905 here.
2086 3863 2300 3906 mirum
2335 3871 2512 3914 quan-

1512 3927 1667 3970 tum:
1701 3927 1973 3978 colloquial.
2006 3929 2420 3982 “wonderfully.”
