<?xml version="1.0" encoding="UTF-8"?>
<!DOCTYPE html PUBLIC "-//W3C//DTD XHTML 1.0 Transitional//EN"
    "http://www.w3.org/TR/xhtml1/DTD/xhtml1-transitional.dtd">
<html xmlns="http://www.w3.org/1999/xhtml" xml:lang="en" lang="en">
 <head>
  <title>
</title>
<meta http-equiv="Content-Type" content="text/html;charset=utf-8" />
  <meta name='ocr-system' content='tesseract 3.04.00' />
  <meta name='ocr-capabilities' content='ocr_page ocr_carea ocr_par ocr_line ocrx_word'/>
</head>
<body>
  <div class='ocr_page' id='page_1' title='image "./livyselectionsf00longgoog_0119.png"; bbox 0 0 2975 4367; ppageno 0'>
   <div class='ocr_carea' id='block_1_1' title="bbox 265 334 2430 2994">
    <p class='ocr_par' dir='ltr' id='par_1_1' title="bbox 334 334 2430 599">
     <span class='ocr_line' id='line_1_1' title="bbox 334 334 2430 400; baseline 0.002 -14"><span class='ocrx_word' id='word_1_1' title='bbox 334 334 530 388; x_wconf 80' lang='lat' dir='ltr'>xxxix.</span> <span class='ocrx_word' id='word_1_2' title='bbox 567 334 621 400; x_wconf 90' lang='lat'>9]</span> <span class='ocrx_word' id='word_1_3' title='bbox 1218 334 1452 388; x_wconf 83' lang='lat' dir='ltr'><strong>LIBER</strong></span> <span class='ocrx_word' id='word_1_4' title='bbox 1491 335 1540 387; x_wconf 88' lang='lat' dir='ltr'>v</span> <span class='ocrx_word' id='word_1_5' title='bbox 2329 340 2430 392; x_wconf 88' lang='lat'>115</span> 
     </span>
     <span class='ocr_line' id='line_1_2' title="bbox 336 515 2429 599; baseline 0.001 -21"><span class='ocrx_word' id='word_1_6' title='bbox 336 519 624 578; x_wconf 86' lang='lat' dir='ltr'>armatos</span> <span class='ocrx_word' id='word_1_7' title='bbox 680 534 818 578; x_wconf 87' lang='lat' dir='ltr'>esse</span> <span class='ocrx_word' id='word_1_8' title='bbox 873 515 941 578; x_wconf 92' lang='lat' dir='ltr'>in</span> <span class='ocrx_word' id='word_1_9' title='bbox 997 516 1197 580; x_wconf 90' lang='lat' dir='ltr'>muris</span> <span class='ocrx_word' id='word_1_10' title='bbox 1253 517 1677 593; x_wconf 89' lang='lat' dir='ltr'>rettulissent,</span> <span class='ocrx_word' id='word_1_11' title='bbox 1741 517 1913 580; x_wconf 88' lang='lat' dir='ltr'>aliud</span> <span class='ocrx_word' id='word_1_12' title='bbox 1971 518 2168 599; x_wconf 88' lang='lat' dir='ltr'>priori</span> <span class='ocrx_word' id='word_1_13' title='bbox 2223 518 2429 582; x_wconf 90' lang='lat' dir='ltr'>simile</span> 
     </span>
    </p>

    <p class='ocr_par' dir='ltr' id='par_1_2' title="bbox 269 615 2429 997">
     <span class='ocr_line' id='line_1_3' title="bbox 269 615 2429 698; baseline 0.003 -22"><span class='ocrx_word' id='word_1_14' title='bbox 269 625 301 668; x_wconf 81' lang='grc'>3</span> <span class='ocrx_word' id='word_1_15' title='bbox 334 615 720 678; x_wconf 83' lang='lat' dir='ltr'><strong>miraculum</strong></span> <span class='ocrx_word' id='word_1_16' title='bbox 742 637 756 651; x_wconf 89' lang='lat'><strong>·</strong></span> <span class='ocrx_word' id='word_1_17' title='bbox 778 636 889 678; x_wconf 93' lang='lat' dir='ltr'>eos</span> <span class='ocrx_word' id='word_1_18' title='bbox 945 617 1284 692; x_wconf 87' lang='lat' dir='ltr'>sustinuit;</span> <span class='ocrx_word' id='word_1_19' title='bbox 1345 623 1735 698; x_wconf 91' lang='lat' dir='ltr'>noctemque</span> <span class='ocrx_word' id='word_1_20' title='bbox 1796 618 1986 680; x_wconf 90' lang='lat' dir='ltr'>veriti</span> <span class='ocrx_word' id='word_1_21' title='bbox 2042 625 2111 681; x_wconf 94' lang='lat' dir='ltr'>et</span> <span class='ocrx_word' id='word_1_22' title='bbox 2169 619 2429 698; x_wconf 88' lang='lat' dir='ltr'>ignotae</span> 
     </span>
     <span class='ocr_line' id='line_1_4' title="bbox 333 715 2425 797; baseline 0.002 -19"><span class='ocrx_word' id='word_1_23' title='bbox 333 716 535 778; x_wconf 92' lang='lat' dir='ltr'>situm</span> <span class='ocrx_word' id='word_1_24' title='bbox 600 715 776 778; x_wconf 88' lang='lat' dir='ltr'>urbis</span> <span class='ocrx_word' id='word_1_25' title='bbox 840 715 1009 778; x_wconf 90' lang='lat' dir='ltr'>inter</span> <span class='ocrx_word' id='word_1_26' title='bbox 1072 718 1355 779; x_wconf 84' lang='lat' dir='ltr'><strong>Romam</strong></span> <span class='ocrx_word' id='word_1_27' title='bbox 1420 724 1620 797; x_wconf 89' lang='lat' dir='ltr'>atque</span> <span class='ocrx_word' id='word_1_28' title='bbox 1685 717 1999 780; x_wconf 85' lang='lat' dir='ltr'><strong>Anienem</strong></span> <span class='ocrx_word' id='word_1_29' title='bbox 2063 718 2425 794; x_wconf 83' lang='lat' dir='ltr'>consedere,</span> 
     </span>
     <span class='ocr_line' id='line_1_5' title="bbox 334 815 2425 898; baseline 0.003 -22"><span class='ocrx_word' id='word_1_30' title='bbox 334 815 854 894; x_wconf 75' lang='lat' dir='ltr'>exploratoribus</span> <span class='ocrx_word' id='word_1_31' title='bbox 936 816 1146 879; x_wconf 86' lang='lat' dir='ltr'>missis</span> <span class='ocrx_word' id='word_1_32' title='bbox 1228 817 1396 879; x_wconf 88' lang='lat' dir='ltr'>circa</span> <span class='ocrx_word' id='word_1_33' title='bbox 1478 817 1735 880; x_wconf 88' lang='lat' dir='ltr'>moenia</span> <span class='ocrx_word' id='word_1_34' title='bbox 1817 818 2102 898; x_wconf 85' lang='lat' dir='ltr'>aliasque</span> <span class='ocrx_word' id='word_1_35' title='bbox 2184 826 2425 898; x_wconf 85' lang='lat' dir='ltr'>portas,</span> 
     </span>
     <span class='ocr_line' id='line_1_6' title="bbox 336 915 2090 997; baseline 0.001 -19"><span class='ocrx_word' id='word_1_36' title='bbox 336 935 663 996; x_wconf 85' lang='lat' dir='ltr'>quaenam</span> <span class='ocrx_word' id='word_1_37' title='bbox 705 915 1002 978; x_wconf 80' lang='lat' dir='ltr'>hostibus</span> <span class='ocrx_word' id='word_1_38' title='bbox 1040 916 1109 978; x_wconf 92' lang='lat' dir='ltr'>in</span> <span class='ocrx_word' id='word_1_39' title='bbox 1148 916 1405 997; x_wconf 88' lang='lat' dir='ltr'>perdita</span> <span class='ocrx_word' id='word_1_40' title='bbox 1444 937 1510 978; x_wconf 93' lang='lat' dir='ltr'>re</span> <span class='ocrx_word' id='word_1_41' title='bbox 1554 917 1819 981; x_wconf 89' lang='lat' dir='ltr'>consilia</span> <span class='ocrx_word' id='word_1_42' title='bbox 1856 925 2090 981; x_wconf 89' lang='lat' dir='ltr'>essent.</span> 
     </span>
    </p>

    <p class='ocr_par' dir='ltr' id='par_1_3' title="bbox 270 1012 2430 1397">
     <span class='ocr_line' id='line_1_7' title="bbox 270 1012 2427 1099; baseline 0.001 -22"><span class='ocrx_word' id='word_1_43' title='bbox 270 1027 301 1069; x_wconf 86' lang='lat'>4</span> <span class='ocrx_word' id='word_1_44' title='bbox 462 1015 765 1092; x_wconf 88' lang='lat' dir='ltr'>Romani,</span> <span class='ocrx_word' id='word_1_45' title='bbox 802 1036 952 1078; x_wconf 92' lang='lat' dir='ltr'>cum</span> <span class='ocrx_word' id='word_1_46' title='bbox 987 1037 1137 1096; x_wconf 87' lang='lat' dir='ltr'>pars</span> <span class='ocrx_word' id='word_1_47' title='bbox 1172 1017 1377 1078; x_wconf 90' lang='lat' dir='ltr'>maior</span> <span class='ocrx_word' id='word_1_48' title='bbox 1409 1036 1493 1078; x_wconf 86' lang='lat' dir='ltr'>ex</span> <span class='ocrx_word' id='word_1_49' title='bbox 1528 1012 1662 1080; x_wconf 91' lang='lat' dir='ltr'>acie</span> <span class='ocrx_word' id='word_1_50' title='bbox 1697 1017 1890 1080; x_wconf 92' lang='lat' dir='ltr'>Veios</span> <span class='ocrx_word' id='word_1_51' title='bbox 1924 1019 2193 1097; x_wconf 87' lang='lat' dir='ltr'>petisset</span> <span class='ocrx_word' id='word_1_52' title='bbox 2228 1039 2427 1099; x_wconf 91' lang='lat' dir='ltr'>quam</span> 
     </span>
     <span class='ocr_line' id='line_1_8' title="bbox 337 1117 2429 1198; baseline 0.001 -21"><span class='ocrx_word' id='word_1_53' title='bbox 337 1117 642 1192; x_wconf 86' lang='lat' dir='ltr'>Romam,</span> <span class='ocrx_word' id='word_1_54' title='bbox 704 1135 896 1179; x_wconf 91' lang='lat' dir='ltr'>nemo</span> <span class='ocrx_word' id='word_1_55' title='bbox 955 1136 1287 1195; x_wconf 87' lang='lat' dir='ltr'>superesse</span> <span class='ocrx_word' id='word_1_56' title='bbox 1347 1136 1746 1197; x_wconf 91' lang='lat' dir='ltr'>quemquam</span> <span class='ocrx_word' id='word_1_57' title='bbox 1808 1124 2066 1197; x_wconf 91' lang='lat' dir='ltr'>praeter</span> <span class='ocrx_word' id='word_1_58' title='bbox 2124 1139 2253 1194; x_wconf 80' lang='lat' dir='ltr'>eOS,</span> <span class='ocrx_word' id='word_1_59' title='bbox 2318 1118 2429 1198; x_wconf 92' lang='lat' dir='ltr'>qui</span> 
     </span>
     <span class='ocr_line' id='line_1_9' title="bbox 339 1215 2430 1298; baseline 0.001 -21"><span class='ocrx_word' id='word_1_60' title='bbox 339 1215 620 1278; x_wconf 89' lang='lat' dir='ltr'>Romam</span> <span class='ocrx_word' id='word_1_61' title='bbox 676 1216 1067 1295; x_wconf 81' lang='lat' dir='ltr'>refugerant,</span> <span class='ocrx_word' id='word_1_62' title='bbox 1126 1216 1433 1291; x_wconf 88' lang='lat' dir='ltr'>crederet,</span> <span class='ocrx_word' id='word_1_63' title='bbox 1493 1217 1876 1296; x_wconf 85' lang='lat' dir='ltr'>complorati</span> <span class='ocrx_word' id='word_1_64' title='bbox 1921 1238 2147 1280; x_wconf 86' lang='lat' dir='ltr'>omnes</span> <span class='ocrx_word' id='word_1_65' title='bbox 2187 1218 2430 1298; x_wconf 91' lang='lat' dir='ltr'>pariter</span> 
     </span>
     <span class='ocr_line' id='line_1_10' title="bbox 337 1315 2424 1397; baseline 0.001 -20"><span class='ocrx_word' id='word_1_66' title='bbox 337 1315 474 1377; x_wconf 89' lang='lat' dir='ltr'>vivi</span> <span class='ocrx_word' id='word_1_67' title='bbox 507 1316 879 1395; x_wconf 87' lang='lat' dir='ltr'>mortuique</span> <span class='ocrx_word' id='word_1_68' title='bbox 912 1322 1127 1379; x_wconf 89' lang='lat' dir='ltr'>totam</span> <span class='ocrx_word' id='word_1_69' title='bbox 1161 1336 1362 1396; x_wconf 92' lang='lat' dir='ltr'>prope</span> <span class='ocrx_word' id='word_1_70' title='bbox 1385 1316 1614 1378; x_wconf 89' lang='lat' dir='ltr'>urbem</span> <span class='ocrx_word' id='word_1_71' title='bbox 1643 1316 1946 1379; x_wconf 90' lang='lat' dir='ltr'>lamentis</span> <span class='ocrx_word' id='word_1_72' title='bbox 1969 1317 2424 1397; x_wconf 88' lang='lat' dir='ltr'>impleverunt.</span> 
     </span>
    </p>

    <p class='ocr_par' dir='ltr' id='par_1_4' title="bbox 270 1414 2430 1694">
     <span class='ocr_line' id='line_1_11' title="bbox 270 1414 2430 1498; baseline 0.002 -23"><span class='ocrx_word' id='word_1_73' title='bbox 270 1428 301 1470; x_wconf 87' lang='grc'><strong>5</strong></span> <span class='ocrx_word' id='word_1_74' title='bbox 336 1415 639 1478; x_wconf 89' lang='lat' dir='ltr'>Privatos</span> <span class='ocrx_word' id='word_1_75' title='bbox 688 1414 921 1478; x_wconf 91' lang='lat' dir='ltr'>deinde</span> <span class='ocrx_word' id='word_1_76' title='bbox 972 1415 1185 1479; x_wconf 89' lang='lat' dir='ltr'>luctus</span> <span class='ocrx_word' id='word_1_77' title='bbox 1235 1416 1585 1495; x_wconf 85' lang='lat' dir='ltr'>stupefecit</span> <span class='ocrx_word' id='word_1_78' title='bbox 1635 1417 1932 1496; x_wconf 89' lang='lat' dir='ltr'>publicus</span> <span class='ocrx_word' id='word_1_79' title='bbox 1982 1438 2208 1497; x_wconf 90' lang='lat' dir='ltr'>pavor,</span> <span class='ocrx_word' id='word_1_80' title='bbox 2254 1424 2430 1498; x_wconf 91' lang='lat' dir='ltr'>post-</span> 
     </span>
     <span class='ocr_line' id='line_1_12' title="bbox 335 1515 2429 1595; baseline 0.001 -18"><span class='ocrx_word' id='word_1_81' title='bbox 335 1534 537 1595; x_wconf 91' lang='lat' dir='ltr'>quam</span> <span class='ocrx_word' id='word_1_82' title='bbox 588 1515 806 1578; x_wconf 88' lang='lat' dir='ltr'>hostes</span> <span class='ocrx_word' id='word_1_83' title='bbox 857 1515 1079 1578; x_wconf 87' lang='lat' dir='ltr'>adesse</span> <span class='ocrx_word' id='word_1_84' title='bbox 1128 1516 1510 1578; x_wconf 88' lang='lat' dir='ltr'>nuntiatum</span> <span class='ocrx_word' id='word_1_85' title='bbox 1559 1522 1659 1578; x_wconf 88' lang='lat' dir='ltr'>est</span> <span class='ocrx_word' id='word_1_86' title='bbox 1669 1536 1686 1592; x_wconf 80' lang='lat'>3</span> <span class='ocrx_word' id='word_1_87' title='bbox 1736 1536 1893 1578; x_wconf 88' lang='lat' dir='ltr'>mox</span> <span class='ocrx_word' id='word_1_88' title='bbox 1941 1517 2229 1580; x_wconf 89' lang='lat' dir='ltr'>ululatus</span> <span class='ocrx_word' id='word_1_89' title='bbox 2280 1538 2429 1580; x_wconf 92' lang='lat' dir='ltr'>can—</span> 
     </span>
     <span class='ocr_line' id='line_1_13' title="bbox 335 1614 2427 1694; baseline 0 -17"><span class='ocrx_word' id='word_1_90' title='bbox 335 1620 575 1694; x_wconf 89' lang='lat' dir='ltr'>tusque</span> <span class='ocrx_word' id='word_1_91' title='bbox 649 1614 962 1691; x_wconf 90' lang='lat' dir='ltr'>dissonos,</span> <span class='ocrx_word' id='word_1_92' title='bbox 1042 1615 1435 1694; x_wconf 85' lang='lat' dir='ltr'>vagantibus</span> <span class='ocrx_word' id='word_1_93' title='bbox 1512 1615 1681 1678; x_wconf 87' lang='lat' dir='ltr'>circa</span> <span class='ocrx_word' id='word_1_94' title='bbox 1754 1616 2012 1679; x_wconf 83' lang='lat' dir='ltr'>moenia</span> <span class='ocrx_word' id='word_1_95' title='bbox 2085 1617 2427 1680; x_wconf 89' lang='lat' dir='ltr'>turmatim</span> 
     </span>
    </p>

    <p class='ocr_par' dir='ltr' id='par_1_5' title="bbox 271 1713 2430 2094">
     <span class='ocr_line' id='line_1_14' title="bbox 271 1713 2430 1799; baseline 0.001 -23"><span class='ocrx_word' id='word_1_96' title='bbox 271 1726 303 1768; x_wconf 79' lang='lat'><strong>6</strong></span> <span class='ocrx_word' id='word_1_97' title='bbox 335 1713 650 1790; x_wconf 80' lang='lat' dir='ltr'>barbariS,</span> <span class='ocrx_word' id='word_1_98' title='bbox 689 1714 1063 1778; x_wconf 89' lang='lat' dir='ltr'>audiebant.</span> <span class='ocrx_word' id='word_1_99' title='bbox 1155 1716 1363 1778; x_wconf 91' lang='lat' dir='ltr'>Omne</span> <span class='ocrx_word' id='word_1_100' title='bbox 1417 1715 1568 1777; x_wconf 90' lang='lat' dir='ltr'>inde</span> <span class='ocrx_word' id='word_1_101' title='bbox 1622 1720 1882 1795; x_wconf 89' lang='lat' dir='ltr'>tempus</span> <span class='ocrx_word' id='word_1_102' title='bbox 1935 1737 2280 1799; x_wconf 89' lang='lat' dir='ltr'>suspensos</span> <span class='ocrx_word' id='word_1_103' title='bbox 2333 1717 2430 1779; x_wconf 88' lang='lat' dir='ltr'>ita</span> 
     </span>
     <span class='ocr_line' id='line_1_15' title="bbox 336 1813 2427 1894; baseline 0 -18"><span class='ocrx_word' id='word_1_104' title='bbox 336 1815 552 1877; x_wconf 91' lang='lat' dir='ltr'>tenuit</span> <span class='ocrx_word' id='word_1_105' title='bbox 610 1814 860 1878; x_wconf 88' lang='lat' dir='ltr'>animos</span> <span class='ocrx_word' id='word_1_106' title='bbox 917 1834 1121 1894; x_wconf 91' lang='lat' dir='ltr'>usque</span> <span class='ocrx_word' id='word_1_107' title='bbox 1179 1813 1260 1877; x_wconf 91' lang='lat' dir='ltr'>ad</span> <span class='ocrx_word' id='word_1_108' title='bbox 1318 1814 1527 1876; x_wconf 92' lang='lat' dir='ltr'>lucem</span> <span class='ocrx_word' id='word_1_109' title='bbox 1587 1814 1879 1891; x_wconf 89' lang='lat' dir='ltr'>alteram,</span> <span class='ocrx_word' id='word_1_110' title='bbox 1939 1822 2015 1878; x_wconf 89' lang='lat' dir='ltr'>ut</span> <span class='ocrx_word' id='word_1_111' title='bbox 2071 1816 2427 1879; x_wconf 90' lang='lat' dir='ltr'>identidem</span> 
     </span>
     <span class='ocr_line' id='line_1_16' title="bbox 336 1913 2429 1995; baseline 0.002 -20"><span class='ocrx_word' id='word_1_112' title='bbox 336 1913 467 1976; x_wconf 92' lang='lat' dir='ltr'>iam</span> <span class='ocrx_word' id='word_1_113' title='bbox 512 1913 582 1975; x_wconf 92' lang='lat' dir='ltr'>in</span> <span class='ocrx_word' id='word_1_114' title='bbox 625 1914 853 1976; x_wconf 90' lang='lat' dir='ltr'>urbem</span> <span class='ocrx_word' id='word_1_115' title='bbox 897 1914 1157 1977; x_wconf 85' lang='lat' dir='ltr'>futurus</span> <span class='ocrx_word' id='word_1_116' title='bbox 1203 1913 1534 1976; x_wconf 88' lang='lat' dir='ltr'>videretur</span> <span class='ocrx_word' id='word_1_117' title='bbox 1576 1913 1861 1993; x_wconf 89' lang='lat' dir='ltr'>impetus</span> <span class='ocrx_word' id='word_1_118' title='bbox 1871 1935 1886 1991; x_wconf 86' lang='lat'>;</span> <span class='ocrx_word' id='word_1_119' title='bbox 1932 1916 2142 1995; x_wconf 91' lang='lat' dir='ltr'>primo</span> <span class='ocrx_word' id='word_1_120' title='bbox 2188 1915 2429 1979; x_wconf 90' lang='lat' dir='ltr'>adven-</span> 
     </span>
     <span class='ocr_line' id='line_1_17' title="bbox 335 2012 2425 2094; baseline 0.001 -17"><span class='ocrx_word' id='word_1_121' title='bbox 335 2020 464 2091; x_wconf 81' lang='lat' dir='ltr'>tus,</span> <span class='ocrx_word' id='word_1_122' title='bbox 528 2014 685 2094; x_wconf 91' lang='lat' dir='ltr'>quia</span> <span class='ocrx_word' id='word_1_123' title='bbox 743 2020 1144 2077; x_wconf 89' lang='lat' dir='ltr'>accesserant</span> <span class='ocrx_word' id='word_1_124' title='bbox 1205 2012 1287 2076; x_wconf 91' lang='lat' dir='ltr'>ad</span> <span class='ocrx_word' id='word_1_125' title='bbox 1349 2013 1577 2076; x_wconf 78' lang='lat' dir='ltr'>urbem</span> <span class='ocrx_word' id='word_1_126' title='bbox 1602 2047 1686 2057; x_wconf 95' lang='lat'>—-</span> <span class='ocrx_word' id='word_1_127' title='bbox 1710 2035 2049 2078; x_wconf 91' lang='lat' dir='ltr'>mansuros</span> <span class='ocrx_word' id='word_1_128' title='bbox 2108 2016 2281 2078; x_wconf 91' lang='lat' dir='ltr'>enim</span> <span class='ocrx_word' id='word_1_129' title='bbox 2343 2016 2425 2079; x_wconf 87' lang='lat' dir='ltr'>ad</span> 
     </span>
    </p>

    <p class='ocr_par' dir='ltr' id='par_1_6' title="bbox 271 2111 2427 2495">
     <span class='ocr_line' id='line_1_18' title="bbox 271 2111 2426 2191; baseline 0.003 -21"><span class='ocrx_word' id='word_1_130' title='bbox 271 2127 300 2170; x_wconf 89' lang='lat'>7</span> <span class='ocrx_word' id='word_1_131' title='bbox 336 2113 550 2176; x_wconf 92' lang='lat' dir='ltr'>Aliam</span> <span class='ocrx_word' id='word_1_132' title='bbox 569 2113 793 2191; x_wconf 81' lang='lat' dir='ltr'>fuisse,</span> <span class='ocrx_word' id='word_1_133' title='bbox 821 2114 944 2177; x_wconf 92' lang='lat' dir='ltr'>nisi</span> <span class='ocrx_word' id='word_1_134' title='bbox 970 2114 1091 2176; x_wconf 94' lang='lat' dir='ltr'>hoc</span> <span class='ocrx_word' id='word_1_135' title='bbox 1119 2111 1365 2176; x_wconf 91' lang='lat' dir='ltr'>consilii</span> <span class='ocrx_word' id='word_1_136' title='bbox 1391 2112 1560 2176; x_wconf 85' lang='lat' dir='ltr'>foret</span> <span class='ocrx_word' id='word_1_137' title='bbox 1585 2134 1693 2191; x_wconf 87' lang='lat'>—;</span> <span class='ocrx_word' id='word_1_138' title='bbox 1719 2114 1952 2177; x_wconf 90' lang='lat' dir='ltr'>deinde</span> <span class='ocrx_word' id='word_1_139' title='bbox 1977 2116 2099 2178; x_wconf 91' lang='lat' dir='ltr'>sub</span> <span class='ocrx_word' id='word_1_140' title='bbox 2126 2136 2426 2183; x_wconf 88' lang='lat' dir='ltr'>occasum</span> 
     </span>
     <span class='ocr_line' id='line_1_19' title="bbox 334 2212 2427 2294; baseline 0 -18"><span class='ocrx_word' id='word_1_141' title='bbox 334 2213 505 2290; x_wconf 90' lang='lat' dir='ltr'>solis,</span> <span class='ocrx_word' id='word_1_142' title='bbox 566 2214 722 2294; x_wconf 87' lang='lat' dir='ltr'>quia</span> <span class='ocrx_word' id='word_1_143' title='bbox 778 2214 953 2276; x_wconf 92' lang='lat' dir='ltr'>haud</span> <span class='ocrx_word' id='word_1_144' title='bbox 1013 2213 1297 2276; x_wconf 91' lang='lat' dir='ltr'>multum</span> <span class='ocrx_word' id='word_1_145' title='bbox 1355 2212 1482 2275; x_wconf 91' lang='lat' dir='ltr'>diei</span> <span class='ocrx_word' id='word_1_146' title='bbox 1539 2220 1894 2292; x_wconf 87' lang='lat' dir='ltr'>supererat,</span> <span class='ocrx_word' id='word_1_147' title='bbox 1957 2221 2109 2278; x_wconf 90' lang='lat' dir='ltr'>ante</span> <span class='ocrx_word' id='word_1_148' title='bbox 2167 2222 2427 2278; x_wconf 88' lang='lat' dir='ltr'>noctem</span> 
     </span>
     <span class='ocr_line' id='line_1_20' title="bbox 335 2312 2424 2390; baseline 0.001 -14"><span class='ocrx_word' id='word_1_149' title='bbox 335 2314 462 2376; x_wconf 91' lang='lat' dir='ltr'>rati</span> <span class='ocrx_word' id='word_1_150' title='bbox 511 2314 848 2377; x_wconf 87' lang='lat' dir='ltr'>invasuros</span> <span class='ocrx_word' id='word_1_151' title='bbox 860 2335 876 2390; x_wconf 88' lang='lat'>;</span> <span class='ocrx_word' id='word_1_152' title='bbox 927 2320 1072 2376; x_wconf 92' lang='lat' dir='ltr'>tum</span> <span class='ocrx_word' id='word_1_153' title='bbox 1123 2313 1189 2375; x_wconf 91' lang='lat' dir='ltr'>in</span> <span class='ocrx_word' id='word_1_154' title='bbox 1239 2319 1500 2376; x_wconf 87' lang='lat' dir='ltr'>noctem</span> <span class='ocrx_word' id='word_1_155' title='bbox 1551 2312 1829 2375; x_wconf 88' lang='lat' dir='ltr'>dilatum</span> <span class='ocrx_word' id='word_1_156' title='bbox 1881 2315 2218 2377; x_wconf 91' lang='lat' dir='ltr'>consilium</span> <span class='ocrx_word' id='word_1_157' title='bbox 2268 2335 2424 2390; x_wconf 91' lang='lat' dir='ltr'>esse,</span> 
     </span>
     <span class='ocr_line' id='line_1_21' title="bbox 334 2412 2426 2495; baseline 0 -19"><span class='ocrx_word' id='word_1_158' title='bbox 334 2433 465 2494; x_wconf 92' lang='lat' dir='ltr'>quo</span> <span class='ocrx_word' id='word_1_159' title='bbox 505 2413 651 2494; x_wconf 93' lang='lat' dir='ltr'>plus</span> <span class='ocrx_word' id='word_1_160' title='bbox 690 2414 951 2494; x_wconf 90' lang='lat' dir='ltr'>pavoris</span> <span class='ocrx_word' id='word_1_161' title='bbox 990 2413 1301 2476; x_wconf 87' lang='lat' dir='ltr'>inferrent</span> <span class='ocrx_word' id='word_1_162' title='bbox 1310 2433 1327 2489; x_wconf 87' lang='lat'>;</span> <span class='ocrx_word' id='word_1_163' title='bbox 1368 2418 1700 2491; x_wconf 90' lang='lat' dir='ltr'>postremo</span> <span class='ocrx_word' id='word_1_164' title='bbox 1741 2412 1854 2474; x_wconf 85' lang='lat' dir='ltr'>lux</span> <span class='ocrx_word' id='word_1_165' title='bbox 1895 2414 2426 2495; x_wconf 91' lang='lat' dir='ltr'>adpropinquans</span> 
     </span>
    </p>

    <p class='ocr_par' dir='ltr' id='par_1_7' title="bbox 267 2511 2427 2795">
     <span class='ocr_line' id='line_1_22' title="bbox 267 2511 2427 2593; baseline 0.003 -21"><span class='ocrx_word' id='word_1_166' title='bbox 267 2528 299 2572; x_wconf 88' lang='lat'>8</span> <span class='ocrx_word' id='word_1_167' title='bbox 332 2514 706 2576; x_wconf 85' lang='lat' dir='ltr'>exanimare</span> <span class='ocrx_word' id='word_1_168' title='bbox 714 2534 732 2591; x_wconf 93' lang='lat'>,·</span> <span class='ocrx_word' id='word_1_169' title='bbox 778 2513 1126 2593; x_wconf 90' lang='lat' dir='ltr'>timorique</span> <span class='ocrx_word' id='word_1_170' title='bbox 1171 2518 1487 2593; x_wconf 90' lang='lat' dir='ltr'>perpetuo</span> <span class='ocrx_word' id='word_1_171' title='bbox 1532 2511 1748 2591; x_wconf 88' lang='lat' dir='ltr'>ipsum</span> <span class='ocrx_word' id='word_1_172' title='bbox 1796 2513 2040 2577; x_wconf 91' lang='lat' dir='ltr'>malum</span> <span class='ocrx_word' id='word_1_173' title='bbox 2089 2515 2427 2579; x_wconf 91' lang='lat' dir='ltr'>continens</span> 
     </span>
     <span class='ocr_line' id='line_1_23' title="bbox 333 2612 2425 2695; baseline 0.001 -21"><span class='ocrx_word' id='word_1_174' title='bbox 333 2612 479 2690; x_wconf 88' lang='lat' dir='ltr'>fuit,</span> <span class='ocrx_word' id='word_1_175' title='bbox 510 2634 660 2677; x_wconf 92' lang='lat' dir='ltr'>cum</span> <span class='ocrx_word' id='word_1_176' title='bbox 706 2614 891 2693; x_wconf 89' lang='lat' dir='ltr'>signa</span> <span class='ocrx_word' id='word_1_177' title='bbox 936 2613 1175 2676; x_wconf 86' lang='lat' dir='ltr'>infesta</span> <span class='ocrx_word' id='word_1_178' title='bbox 1219 2612 1426 2692; x_wconf 88' lang='lat' dir='ltr'>portis</span> <span class='ocrx_word' id='word_1_179' title='bbox 1470 2619 1627 2675; x_wconf 89' lang='lat' dir='ltr'>sunt</span> <span class='ocrx_word' id='word_1_180' title='bbox 1673 2613 1896 2676; x_wconf 90' lang='lat' dir='ltr'>inlata.</span> <span class='ocrx_word' id='word_1_181' title='bbox 1990 2614 2425 2695; x_wconf 91' lang='lat' dir='ltr'>Nequaquam</span> 
     </span>
     <span class='ocr_line' id='line_1_24' title="bbox 331 2712 2425 2795; baseline 0.001 -20"><span class='ocrx_word' id='word_1_182' title='bbox 331 2719 557 2776; x_wconf 90' lang='lat' dir='ltr'>tamen</span> <span class='ocrx_word' id='word_1_183' title='bbox 608 2734 687 2777; x_wconf 89' lang='lat' dir='ltr'>ea</span> <span class='ocrx_word' id='word_1_184' title='bbox 736 2720 928 2776; x_wconf 91' lang='lat' dir='ltr'>nocte</span> <span class='ocrx_word' id='word_1_185' title='bbox 980 2732 1190 2793; x_wconf 91' lang='lat' dir='ltr'>neque</span> <span class='ocrx_word' id='word_1_186' title='bbox 1240 2712 1609 2792; x_wconf 91' lang='lat' dir='ltr'>insequenti</span> <span class='ocrx_word' id='word_1_187' title='bbox 1661 2713 1765 2776; x_wconf 90' lang='lat' dir='ltr'>die</span> <span class='ocrx_word' id='word_1_188' title='bbox 1816 2713 2039 2776; x_wconf 92' lang='lat' dir='ltr'>similis</span> <span class='ocrx_word' id='word_1_189' title='bbox 2092 2714 2200 2791; x_wconf 89' lang='lat' dir='ltr'>illi,</span> <span class='ocrx_word' id='word_1_190' title='bbox 2258 2735 2425 2795; x_wconf 91' lang='lat' dir='ltr'>quae</span> 
     </span>
    </p>

    <p class='ocr_par' dir='ltr' id='par_1_8' title="bbox 265 2813 2427 2994">
     <span class='ocr_line' id='line_1_25' title="bbox 265 2813 2425 2893; baseline 0.002 -22"><span class='ocrx_word' id='word_1_191' title='bbox 265 2828 297 2871; x_wconf 79' lang='grc'>9</span> <span class='ocrx_word' id='word_1_192' title='bbox 332 2814 414 2877; x_wconf 87' lang='lat' dir='ltr'>ad</span> <span class='ocrx_word' id='word_1_193' title='bbox 468 2814 681 2876; x_wconf 89' lang='lat' dir='ltr'>Aliam</span> <span class='ocrx_word' id='word_1_194' title='bbox 733 2820 872 2877; x_wconf 87' lang='lat' dir='ltr'>tam</span> <span class='ocrx_word' id='word_1_195' title='bbox 924 2813 1162 2893; x_wconf 88' lang='lat' dir='ltr'>pavide</span> <span class='ocrx_word' id='word_1_196' title='bbox 1212 2813 1488 2892; x_wconf 88' lang='lat' dir='ltr'>fugerat,</span> <span class='ocrx_word' id='word_1_197' title='bbox 1545 2813 1775 2876; x_wconf 83' lang='lat' dir='ltr'>civitas</span> <span class='ocrx_word' id='word_1_198' title='bbox 1826 2814 1969 2876; x_wconf 88' lang='lat' dir='ltr'>fuit.</span> <span class='ocrx_word' id='word_1_199' title='bbox 2069 2813 2239 2877; x_wconf 92' lang='lat' dir='ltr'>Nam</span> <span class='ocrx_word' id='word_1_200' title='bbox 2279 2835 2425 2877; x_wconf 91' lang='lat' dir='ltr'>cum</span> 
     </span>
     <span class='ocr_line' id='line_1_26' title="bbox 331 2913 2427 2994; baseline 0 -18"><span class='ocrx_word' id='word_1_201' title='bbox 331 2913 592 2976; x_wconf 90' lang='lat' dir='ltr'>defendi</span> <span class='ocrx_word' id='word_1_202' title='bbox 633 2915 860 2977; x_wconf 91' lang='lat' dir='ltr'>urbem</span> <span class='ocrx_word' id='word_1_203' title='bbox 901 2934 1088 2993; x_wconf 88' lang='lat' dir='ltr'>posse</span> <span class='ocrx_word' id='word_1_204' title='bbox 1128 2920 1270 2975; x_wconf 91' lang='lat' dir='ltr'>tam</span> <span class='ocrx_word' id='word_1_205' title='bbox 1310 2933 1519 2992; x_wconf 89' lang='lat' dir='ltr'>parva</span> <span class='ocrx_word' id='word_1_206' title='bbox 1558 2913 1782 2976; x_wconf 88' lang='lat' dir='ltr'>relicta</span> <span class='ocrx_word' id='word_1_207' title='bbox 1821 2934 2022 2976; x_wconf 88' lang='lat' dir='ltr'>manu</span> <span class='ocrx_word' id='word_1_208' title='bbox 2062 2934 2209 2994; x_wconf 89' lang='lat' dir='ltr'>spes</span> <span class='ocrx_word' id='word_1_209' title='bbox 2250 2915 2427 2977; x_wconf 91' lang='lat' dir='ltr'>nulla</span> 
     </span>
    </p>
   </div>
   <div class='ocr_carea' id='block_1_2' title="bbox 327 3113 1335 3909">
    <p class='ocr_par' dir='ltr' id='par_1_9' title="bbox 327 3113 1335 3505">
     <span class='ocr_line' id='line_1_27' title="bbox 390 3113 1334 3168; baseline -0.004 -7"><span class='ocrx_word' id='word_1_210' title='bbox 390 3118 442 3162; x_wconf 74' lang='lat'>8.</span> <span class='ocrx_word' id='word_1_211' title='bbox 474 3115 730 3168; x_wconf 71' lang='lat' dir='ltr'>ignotae:</span> <span class='ocrx_word' id='word_1_212' title='bbox 758 3135 801 3150; x_wconf 91' lang='lat'><em>=</em></span> <span class='ocrx_word' id='word_1_213' title='bbox 827 3116 1053 3168; x_wconf 73' lang='lat' dir='ltr'>ianotum,</span> <span class='ocrx_word' id='word_1_214' title='bbox 1072 3114 1143 3167; x_wconf 80' lang='lat' dir='ltr'>by</span> <span class='ocrx_word' id='word_1_215' title='bbox 1158 3113 1334 3167; x_wconf 81' lang='lat' dir='ltr'>hypal-</span> 
     </span>
     <span class='ocr_line' id='line_1_28' title="bbox 329 3183 1335 3236; baseline -0.003 -8"><span class='ocrx_word' id='word_1_216' title='bbox 329 3185 454 3236; x_wconf 79' lang='lat' dir='ltr'>lage.</span> <span class='ocrx_word' id='word_1_217' title='bbox 518 3185 768 3236; x_wconf 69' lang='lat' dir='ltr'>anaeque</span> <span class='ocrx_word' id='word_1_218' title='bbox 799 3184 1013 3236; x_wconf 71' lang='lat' dir='ltr'>portu:</span> <span class='ocrx_word' id='word_1_219' title='bbox 1045 3183 1183 3225; x_wconf 84' lang='lat' dir='ltr'>“and</span> <span class='ocrx_word' id='word_1_220' title='bbox 1215 3183 1335 3226; x_wconf 84' lang='lat' dir='ltr'>like·</span> 
     </span>
     <span class='ocr_line' id='line_1_29' title="bbox 328 3251 1331 3301; baseline -0.004 -4"><span class='ocrx_word' id='word_1_221' title='bbox 328 3254 444 3296; x_wconf 85' lang='lat' dir='ltr'>wise</span> <span class='ocrx_word' id='word_1_222' title='bbox 474 3253 560 3296; x_wconf 89' lang='lat' dir='ltr'>the</span> <span class='ocrx_word' id='word_1_223' title='bbox 588 3252 787 3295; x_wconf 83' lang='lat' dir='ltr'>various</span> <span class='ocrx_word' id='word_1_224' title='bbox 818 3252 1007 3301; x_wconf 83' lang='lat' dir='ltr'>gates.&#39;’</span> <span class='ocrx_word' id='word_1_225' title='bbox 1071 3251 1160 3294; x_wconf 85' lang='lat' dir='ltr'>See</span> <span class='ocrx_word' id='word_1_226' title='bbox 1189 3261 1254 3292; x_wconf 92' lang='lat' dir='ltr'>on</span> <span class='ocrx_word' id='word_1_227' title='bbox 1289 3252 1331 3293; x_wconf 90' lang='lat'>1.</span> 
     </span>
     <span class='ocr_line' id='line_1_30' title="bbox 330 3317 1332 3370; baseline -0.005 -5"><span class='ocrx_word' id='word_1_228' title='bbox 330 3323 406 3365; x_wconf 90' lang='grc'>20.</span> <span class='ocrx_word' id='word_1_229' title='bbox 454 3322 499 3363; x_wconf 86' lang='grc'>3.</span> <span class='ocrx_word' id='word_1_230' title='bbox 578 3327 863 3370; x_wconf 75' lang='lat' dir='ltr'>quaenam</span> <span class='ocrx_word' id='word_1_231' title='bbox 912 3347 926 3360; x_wconf 91' lang='lat'>.</span> <span class='ocrx_word' id='word_1_232' title='bbox 977 3347 990 3361; x_wconf 90' lang='lat'>.</span> <span class='ocrx_word' id='word_1_233' title='bbox 1040 3347 1055 3361; x_wconf 92' lang='lat'>.</span> <span class='ocrx_word' id='word_1_234' title='bbox 1100 3317 1332 3361; x_wconf 75' lang='lat' dir='ltr'>comma</span> 
     </span>
     <span class='ocr_line' id='line_1_31' title="bbox 328 3386 1333 3435; baseline -0.004 -3"><span class='ocrx_word' id='word_1_235' title='bbox 328 3388 541 3433; x_wconf 71' lang='lat' dir='ltr'>essent:</span> <span class='ocrx_word' id='word_1_236' title='bbox 591 3387 735 3429; x_wconf 82' lang='lat' dir='ltr'>indir.</span> <span class='ocrx_word' id='word_1_237' title='bbox 789 3387 1017 3435; x_wconf 81' lang='lat' dir='ltr'>question</span> <span class='ocrx_word' id='word_1_238' title='bbox 1067 3387 1196 3428; x_wconf 81' lang='lat' dir='ltr'>after</span> <span class='ocrx_word' id='word_1_239' title='bbox 1247 3386 1333 3429; x_wconf 87' lang='lat' dir='ltr'>the</span> 
     </span>
     <span class='ocr_line' id='line_1_32' title="bbox 327 3453 928 3505; baseline -0.008 -5"><span class='ocrx_word' id='word_1_240' title='bbox 327 3457 441 3500; x_wconf 84' lang='lat' dir='ltr'>idea</span> <span class='ocrx_word' id='word_1_241' title='bbox 465 3456 517 3498; x_wconf 92' lang='lat' dir='ltr'>in</span> <span class='ocrx_word' id='word_1_242' title='bbox 544 3453 928 3505; x_wconf 72' lang='lat' dir='ltr'>exploratoribus.</span> 
     </span>
    </p>

    <p class='ocr_par' dir='ltr' id='par_1_10' title="bbox 392 3521 1051 3574">
     <span class='ocr_line' id='line_1_33' title="bbox 392 3521 1051 3574; baseline -0.008 -6"><span class='ocrx_word' id='word_1_243' title='bbox 392 3526 441 3568; x_wconf 72' lang='grc' dir='ltr'>δ.</span> <span class='ocrx_word' id='word_1_244' title='bbox 475 3522 759 3574; x_wconf 71' lang='lat' dir='ltr'>pubncunz</span> <span class='ocrx_word' id='word_1_245' title='bbox 789 3521 1051 3573; x_wconf 80' lang='lat' dir='ltr'>objective.</span> 
     </span>
    </p>

    <p class='ocr_par' dir='ltr' id='par_1_11' title="bbox 327 3589 1333 3909">
     <span class='ocr_line' id='line_1_34' title="bbox 393 3589 1331 3640; baseline -0.003 -6"><span class='ocrx_word' id='word_1_246' title='bbox 393 3593 442 3634; x_wconf 76' lang='grc' dir='ltr'>ο.</span> <span class='ocrx_word' id='word_1_247' title='bbox 474 3592 593 3635; x_wconf 74' lang='lat' dir='ltr'>iam</span> <span class='ocrx_word' id='word_1_248' title='bbox 633 3619 647 3634; x_wconf 90' lang='lat'>.</span> <span class='ocrx_word' id='word_1_249' title='bbox 688 3620 702 3634; x_wconf 89' lang='lat'>.</span> <span class='ocrx_word' id='word_1_250' title='bbox 743 3619 756 3633; x_wconf 90' lang='lat'>.</span> <span class='ocrx_word' id='word_1_251' title='bbox 791 3590 1049 3633; x_wconf 74' lang='lat' dir='ltr'>tuturus:</span> <span class='ocrx_word' id='word_1_252' title='bbox 1087 3589 1229 3640; x_wconf 83' lang='lat' dir='ltr'>“just</span> <span class='ocrx_word' id='word_1_253' title='bbox 1266 3599 1331 3632; x_wconf 90' lang='lat' dir='ltr'>on</span> 
     </span>
     <span class='ocr_line' id='line_1_35' title="bbox 328 3656 1333 3712; baseline -0.004 -9"><span class='ocrx_word' id='word_1_254' title='bbox 328 3659 415 3703; x_wconf 89' lang='lat' dir='ltr'>the</span> <span class='ocrx_word' id='word_1_255' title='bbox 443 3659 583 3712; x_wconf 88' lang='lat' dir='ltr'>point</span> <span class='ocrx_word' id='word_1_256' title='bbox 614 3659 666 3700; x_wconf 84' lang='lat' dir='ltr'>of</span> <span class='ocrx_word' id='word_1_257' title='bbox 694 3658 840 3708; x_wconf 82' lang='lat' dir='ltr'>being</span> <span class='ocrx_word' id='word_1_258' title='bbox 867 3657 1064 3701; x_wconf 83' lang='lat' dir='ltr'>made.”</span> <span class='ocrx_word' id='word_1_259' title='bbox 1126 3656 1333 3700; x_wconf 68' lang='lat' dir='ltr'>adven-</span> 
     </span>
     <span class='ocr_line' id='line_1_36' title="bbox 327 3725 1332 3777; baseline -0.007 -5"><span class='ocrx_word' id='word_1_260' title='bbox 327 3727 442 3777; x_wconf 72' lang='lat' dir='ltr'>tus,</span> <span class='ocrx_word' id='word_1_261' title='bbox 480 3730 594 3770; x_wconf 86' lang='lat' dir='ltr'>etc.:</span> <span class='ocrx_word' id='word_1_262' title='bbox 632 3725 718 3768; x_wconf 90' lang='lat' dir='ltr'>the</span> <span class='ocrx_word' id='word_1_263' title='bbox 752 3726 853 3769; x_wconf 75' lang='lat' dir='ltr'>fact</span> <span class='ocrx_word' id='word_1_264' title='bbox 890 3726 942 3768; x_wconf 84' lang='lat' dir='ltr'>of</span> <span class='ocrx_word' id='word_1_265' title='bbox 976 3725 1104 3768; x_wconf 85' lang='lat' dir='ltr'>their</span> <span class='ocrx_word' id='word_1_266' title='bbox 1137 3725 1332 3774; x_wconf 81' lang='lat' dir='ltr'>coming</span> 
     </span>
     <span class='ocr_line' id='line_1_37' title="bbox 327 3792 1331 3844; baseline -0.005 -6"><span class='ocrx_word' id='word_1_267' title='bbox 327 3806 392 3838; x_wconf 91' lang='lat' dir='ltr'>on</span> <span class='ocrx_word' id='word_1_268' title='bbox 428 3798 481 3837; x_wconf 90' lang='lat' dir='ltr'>to</span> <span class='ocrx_word' id='word_1_269' title='bbox 516 3794 601 3837; x_wconf 88' lang='lat' dir='ltr'>the</span> <span class='ocrx_word' id='word_1_270' title='bbox 636 3794 740 3844; x_wconf 80' lang='lat' dir='ltr'>city</span> <span class='ocrx_word' id='word_1_271' title='bbox 773 3793 823 3835; x_wconf 92' lang='lat' dir='ltr'>in</span> <span class='ocrx_word' id='word_1_272' title='bbox 861 3793 1003 3835; x_wconf 85' lang='lat' dir='ltr'>haste</span> <span class='ocrx_word' id='word_1_273' title='bbox 1037 3792 1240 3844; x_wconf 87' lang='lat' dir='ltr'>pointed</span> <span class='ocrx_word' id='word_1_274' title='bbox 1277 3795 1331 3834; x_wconf 88' lang='lat' dir='ltr'>to</span> 
     </span>
     <span class='ocr_line' id='line_1_38' title="bbox 329 3858 1331 3909; baseline -0.004 -4"><span class='ocrx_word' id='word_1_275' title='bbox 329 3873 393 3905; x_wconf 84' lang='lat' dir='ltr'>an</span> <span class='ocrx_word' id='word_1_276' title='bbox 434 3861 719 3905; x_wconf 81' lang='lat' dir='ltr'>immediate</span> <span class='ocrx_word' id='word_1_277' title='bbox 761 3860 947 3909; x_wconf 83' lang='lat' dir='ltr'>attack,</span> <span class='ocrx_word' id='word_1_278' title='bbox 992 3860 1205 3902; x_wconf 85' lang='lat' dir='ltr'>likewise</span> <span class='ocrx_word' id='word_1_279' title='bbox 1246 3858 1331 3902; x_wconf 88' lang='lat' dir='ltr'>the</span> 
     </span>
    </p>
   </div>
   <div class='ocr_carea' id='block_1_3' title="bbox 326 3927 923 4000">
    <p class='ocr_par' dir='ltr' id='par_1_12' title="bbox 326 3927 923 4000">
     <span class='ocr_line' id='line_1_39' title="bbox 326 3927 923 4000; baseline -0.007 -25"><span class='ocrx_word' id='word_1_280' title='bbox 326 3929 430 3975; x_wconf 86' lang='lat' dir='ltr'>late</span> <span class='ocrx_word' id='word_1_281' title='bbox 458 3929 583 3973; x_wconf 85' lang='lat' dir='ltr'>hour</span> <span class='ocrx_word' id='word_1_282' title='bbox 612 3929 665 3971; x_wconf 84' lang='lat' dir='ltr'>of</span> <span class='ocrx_word' id='word_1_283' title='bbox 693 3927 778 3973; x_wconf 88' lang='lat' dir='ltr'>the</span> <span class='ocrx_word' id='word_1_284' title='bbox 809 3927 923 4000; x_wconf 57' lang='lat' dir='ltr'>day.</span> 
     </span>
    </p>
   </div>
   <div class='ocr_carea' id='block_1_4' title="bbox 1428 3115 2466 3912">
    <p class='ocr_par' dir='ltr' id='par_1_13' title="bbox 1429 3115 2466 3502">
     <span class='ocr_line' id='line_1_40' title="bbox 1495 3115 2466 3168; baseline 0.004 -11"><span class='ocrx_word' id='word_1_285' title='bbox 1495 3115 1544 3158; x_wconf 82' lang='grc'>’1.</span> <span class='ocrx_word' id='word_1_286' title='bbox 1577 3115 1707 3168; x_wconf 68' lang='lat' dir='ltr'>rati,</span> <span class='ocrx_word' id='word_1_287' title='bbox 1748 3119 1920 3161; x_wconf 84' lang='lat' dir='ltr'>etc.:==</span> <span class='ocrx_word' id='word_1_288' title='bbox 1946 3127 2055 3159; x_wconf 85' lang='lat' dir='ltr'>cum</span> <span class='ocrx_word' id='word_1_289' title='bbox 2092 3117 2303 3160; x_wconf 80' lang='lat' dir='ltr'>rerentur</span> <span class='ocrx_word' id='word_1_290' title='bbox 2338 3118 2431 3161; x_wconf 78' lang='lat' dir='ltr'>im-</span> <span class='ocrx_word' id='word_1_291' title='bbox 2456 3131 2466 3140; x_wconf 88' lang='lat'>·</span> 
     </span>
     <span class='ocr_line' id='line_1_41' title="bbox 1429 3184 2430 3235; baseline 0.003 -10"><span class='ocrx_word' id='word_1_292' title='bbox 1429 3184 1589 3233; x_wconf 77' lang='lat' dir='ltr'>petum</span> <span class='ocrx_word' id='word_1_293' title='bbox 1634 3184 1848 3234; x_wconf 71' lang='lat' dir='ltr'>futurum</span> <span class='ocrx_word' id='word_1_294' title='bbox 1905 3186 1976 3233; x_wconf 84' lang='lat'>(===</span> <span class='ocrx_word' id='word_1_295' title='bbox 2014 3185 2287 3235; x_wconf 71' lang='lat' dir='ltr'>invasuros)</span> <span class='ocrx_word' id='word_1_296' title='bbox 2333 3196 2430 3228; x_wconf 73' lang='lat' dir='ltr'>esse</span> 
     </span>
     <span class='ocr_line' id='line_1_42' title="bbox 1429 3251 2429 3295; baseline 0.002 -2"><span class='ocrx_word' id='word_1_297' title='bbox 1429 3252 1539 3294; x_wconf 78' lang='lat' dir='ltr'>ante</span> <span class='ocrx_word' id='word_1_298' title='bbox 1561 3253 1752 3294; x_wconf 79' lang='lat' dir='ltr'>noctem.</span> <span class='ocrx_word' id='word_1_299' title='bbox 1804 3251 1907 3294; x_wconf 89' lang='lat' dir='ltr'>The</span> <span class='ocrx_word' id='word_1_300' title='bbox 1937 3252 2180 3294; x_wconf 84' lang='lat' dir='ltr'>reference</span> <span class='ocrx_word' id='word_1_301' title='bbox 2209 3252 2260 3294; x_wconf 86' lang='lat' dir='ltr'>in</span> <span class='ocrx_word' id='word_1_302' title='bbox 2276 3253 2371 3295; x_wconf 80' lang='lat' dir='ltr'>rati</span> <span class='ocrx_word' id='word_1_303' title='bbox 2387 3254 2429 3295; x_wconf 89' lang='lat' dir='ltr'>is</span> 
     </span>
     <span class='ocr_line' id='line_1_43' title="bbox 1430 3318 2429 3368; baseline 0.004 -8"><span class='ocrx_word' id='word_1_304' title='bbox 1430 3318 1651 3368; x_wconf 85' lang='lat' dir='ltr'>obvious,</span> <span class='ocrx_word' id='word_1_305' title='bbox 1683 3319 1779 3361; x_wconf 84' lang='lat' dir='ltr'>and</span> <span class='ocrx_word' id='word_1_306' title='bbox 1810 3319 1875 3361; x_wconf 86' lang='lat' dir='ltr'>its</span> <span class='ocrx_word' id='word_1_307' title='bbox 1904 3319 2240 3363; x_wconf 85' lang='lat' dir='ltr'>introduction</span> <span class='ocrx_word' id='word_1_308' title='bbox 2271 3320 2429 3363; x_wconf 87' lang='lat' dir='ltr'>deter-</span> 
     </span>
     <span class='ocr_line' id='line_1_44' title="bbox 1429 3386 2427 3431; baseline 0.003 -3"><span class='ocrx_word' id='word_1_309' title='bbox 1429 3387 1587 3430; x_wconf 86' lang='lat' dir='ltr'>mines</span> <span class='ocrx_word' id='word_1_310' title='bbox 1616 3387 1702 3430; x_wconf 89' lang='lat' dir='ltr'>the</span> <span class='ocrx_word' id='word_1_311' title='bbox 1740 3387 1866 3429; x_wconf 79' lang='lat' dir='ltr'>form</span> <span class='ocrx_word' id='word_1_312' title='bbox 1904 3388 1956 3429; x_wconf 80' lang='lat' dir='ltr'>ot</span> <span class='ocrx_word' id='word_1_313' title='bbox 1996 3387 2081 3430; x_wconf 89' lang='lat' dir='ltr'>the</span> <span class='ocrx_word' id='word_1_314' title='bbox 2110 3389 2210 3430; x_wconf 84' lang='lat' dir='ltr'>tum</span> <span class='ocrx_word' id='word_1_315' title='bbox 2249 3386 2427 3431; x_wconf 82' lang='lat' dir='ltr'>clause.</span> 
     </span>
     <span class='ocr_line' id='line_1_45' title="bbox 1430 3452 2218 3502; baseline -0.001 -6"><span class='ocrx_word' id='word_1_316' title='bbox 1430 3454 1774 3498; x_wconf 67' lang='lat' dir='ltr'>exanimare:</span> <span class='ocrx_word' id='word_1_317' title='bbox 1803 3453 1865 3496; x_wconf 83' lang='lat' dir='ltr'>cf.</span> <span class='ocrx_word' id='word_1_318' title='bbox 1896 3452 2058 3496; x_wconf 83' lang='lat' dir='ltr'>vereri.</span> <span class='ocrx_word' id='word_1_319' title='bbox 2130 3452 2218 3502; x_wconf 93' lang='lat'>(1).</span> 
     </span>
    </p>

    <p class='ocr_par' dir='ltr' id='par_1_14' title="bbox 1428 3519 2429 3700">
     <span class='ocr_line' id='line_1_46' title="bbox 1495 3519 2428 3571; baseline 0 -8"><span class='ocrx_word' id='word_1_320' title='bbox 1495 3522 1544 3563; x_wconf 84' lang='grc'>8.</span> <span class='ocrx_word' id='word_1_321' title='bbox 1578 3521 1880 3571; x_wconf 71' lang='lat' dir='ltr'>timorique</span> <span class='ocrx_word' id='word_1_322' title='bbox 1930 3550 1944 3563; x_wconf 96' lang='lat'>.</span> <span class='ocrx_word' id='word_1_323' title='bbox 1994 3549 2009 3563; x_wconf 92' lang='lat'>.</span> <span class='ocrx_word' id='word_1_324' title='bbox 2059 3549 2072 3563; x_wconf 90' lang='lat'>.</span> <span class='ocrx_word' id='word_1_325' title='bbox 2117 3519 2256 3563; x_wconf 66' lang='lat' dir='ltr'>tuit:</span> <span class='ocrx_word' id='word_1_326' title='bbox 2303 3519 2428 3563; x_wconf 81' lang='lat' dir='ltr'>“the</span> 
     </span>
     <span class='ocr_line' id='line_1_47' title="bbox 1429 3588 2429 3640; baseline -0.001 -9"><span class='ocrx_word' id='word_1_327' title='bbox 1429 3589 1557 3631; x_wconf 91' lang='lat' dir='ltr'>blow</span> <span class='ocrx_word' id='word_1_328' title='bbox 1583 3588 1715 3631; x_wconf 84' lang='lat' dir='ltr'>itself</span> <span class='ocrx_word' id='word_1_329' title='bbox 1740 3589 1963 3632; x_wconf 83' lang='lat' dir='ltr'>followed</span> <span class='ocrx_word' id='word_1_330' title='bbox 1988 3588 2113 3631; x_wconf 84' lang='lat' dir='ltr'>hard</span> <span class='ocrx_word' id='word_1_331' title='bbox 2140 3597 2276 3640; x_wconf 86' lang='lat' dir='ltr'>upon</span> <span class='ocrx_word' id='word_1_332' title='bbox 2301 3588 2429 3631; x_wconf 89' lang='lat' dir='ltr'>their</span> 
     </span>
     <span class='ocr_line' id='line_1_48' title="bbox 1428 3656 2023 3700; baseline 0.003 -2"><span class='ocrx_word' id='word_1_333' title='bbox 1428 3656 1695 3699; x_wconf 85' lang='lat' dir='ltr'>continued</span> <span class='ocrx_word' id='word_1_334' title='bbox 1725 3657 1827 3699; x_wconf 69' lang='lat' dir='ltr'>sear</span> <span class='ocrx_word' id='word_1_335' title='bbox 1854 3656 1905 3699; x_wconf 76' lang='lat' dir='ltr'>of</span> <span class='ocrx_word' id='word_1_336' title='bbox 1931 3656 2023 3700; x_wconf 87' lang='lat' dir='ltr'>it.&#39;&#39;</span> 
     </span>
    </p>

    <p class='ocr_par' dir='ltr' id='par_1_15' title="bbox 1428 3722 2426 3912">
     <span class='ocr_line' id='line_1_49' title="bbox 1492 3722 2426 3775; baseline 0 -9"><span class='ocrx_word' id='word_1_337' title='bbox 1492 3725 1543 3766; x_wconf 78' lang='grc'>9.</span> <span class='ocrx_word' id='word_1_338' title='bbox 1575 3724 1638 3766; x_wconf 78' lang='lat' dir='ltr'>ln</span> <span class='ocrx_word' id='word_1_339' title='bbox 1707 3731 1893 3767; x_wconf 75' lang='lat' dir='ltr'>arcem</span> <span class='ocrx_word' id='word_1_340' title='bbox 1950 3722 2426 3775; x_wconf 69' lang='lat' dir='ltr'>capitonumque:</span> 
     </span>
     <span class='ocr_line' id='line_1_50' title="bbox 1429 3790 2426 3842; baseline 0 -9"><span class='ocrx_word' id='word_1_341' title='bbox 1429 3791 1516 3833; x_wconf 88' lang='lat' dir='ltr'>the</span> <span class='ocrx_word' id='word_1_342' title='bbox 1560 3790 1794 3834; x_wconf 89' lang='lat' dir='ltr'>northern</span> <span class='ocrx_word' id='word_1_343' title='bbox 1837 3791 1935 3833; x_wconf 87' lang='lat' dir='ltr'>and</span> <span class='ocrx_word' id='word_1_344' title='bbox 1981 3790 2216 3833; x_wconf 87' lang='lat' dir='ltr'>southern</span> <span class='ocrx_word' id='word_1_345' title='bbox 2261 3790 2426 3842; x_wconf 87' lang='lat' dir='ltr'>points</span> 
     </span>
     <span class='ocr_line' id='line_1_51' title="bbox 1428 3857 2269 3912; baseline -0.001 -10"><span class='ocrx_word' id='word_1_346' title='bbox 1428 3858 1752 3912; x_wconf 82' lang='lat' dir='ltr'>respectively</span> <span class='ocrx_word' id='word_1_347' title='bbox 1783 3858 1834 3900; x_wconf 79' lang='lat' dir='ltr'>of</span> <span class='ocrx_word' id='word_1_348' title='bbox 1865 3858 1950 3902; x_wconf 89' lang='lat' dir='ltr'>the</span> <span class='ocrx_word' id='word_1_349' title='bbox 1981 3857 2269 3911; x_wconf 85' lang='lat' dir='ltr'>Capitoline.</span> 
     </span>
    </p>
   </div>
  </div>
 </body>
</html>
