2975 4367
440 284 509 335 30
1353 280 1417 333 T.
1457 281 1616 333 LIVI
2392 283 2469 349 [V.
2506 286 2541 337 6

442 464 636 525 Forte
688 466 755 523 et
814 460 1161 538 Numitori,
1219 481 1367 523 cum
1429 461 1499 524 in
1562 461 1859 525 custodia
1924 462 2207 525 Remum
2240 462 2538 526 ‘haberet

443 562 859 642 audissetque
895 560 1184 640 geminos
1215 580 1353 623 esse
1386 561 1638 638 fratres,
1677 561 2117 642 comparando
2149 568 2217 624 et
2252 568 2539 626 aetatem

441 681 665 724 eorum
735 667 801 723 et
870 661 1080 740 ipsam
1151 661 1414 723 minime
1484 662 1783 724 servilem
1852 661 2158 739 indolem,
2230 662 2539 742 tetigerat

444 762 735 825 animum
788 760 1099 822 memoria
1151 767 1465 841 nepotum
1477 783 1493 838 3
1547 761 2067 843 sciscitandoque
2118 762 2348 824 eodem
2399 782 2542 843 per-

444 862 645 937 venit,
700 866 777 923 ut
832 860 1008 924 haud
1062 860 1286 940 procul
1340 874 1529 938 esset,
1587 861 1744 942 quin
1800 862 2081 924 Remum
2139 867 2533 941 agnosceret.

444 962 552 1024 Ita
581 961 870 1042 undique
901 961 1033 1039 regi
1054 959 1242 1022 dolus
1272 962 1575 1023 nectitur.
1653 961 1974 1025 Romulus
2005 982 2137 1024 non
2168 982 2318 1023 cum
2349 962 2541 1041 globo

443 1062 758 1123 iuvenum
784 1096 866 1104 -
890 1080 1006 1123 nec
1053 1061 1228 1123 enim
1275 1068 1416 1123 erat
1465 1062 1550 1124 ad
1601 1062 1735 1123 vim
1784 1068 2080 1141 apertam
2128 1082 2249 1142 par
2272 1098 2372 1138 —‚
2423 1061 2536 1125 sed

445 1161 586 1224 aliis
635 1161 758 1223 alio
808 1161 1038 1223 itinere
1086 1159 1275 1221 iussis
1325 1167 1500 1223 certo
1550 1167 1843 1241 tempore
1893 1161 1976 1223 ad
2026 1161 2269 1240 regiam
2318 1162 2538 1224 venire

445 1261 817 1341 pastoribus
850 1259 932 1323 ad
964 1279 1179 1339 regem
1209 1260 1531 1339 impetum
1563 1261 1741 1337 facit,
1774 1268 1842 1323 et
1875 1282 1914 1324 a
1944 1260 2141 1324 domo
2176 1262 2538 1324 Numitoris

446 1360 574 1424 alia
654 1366 1033 1439 comparata
1114 1379 1313 1422 manu
1397 1360 1671 1423 adiuvat
1754 1361 2019 1423 Remus,
2147 1361 2254 1423 Ita
2326 1381 2541 1440 regem

445 1460 863 1523 obtruncant.
1947 1477 1956 1489 “

571 1559 685 1622 VI.
738 1559 1045 1623 Numitor
1079 1560 1250 1622 inter
1274 1560 1559 1641 primum
1587 1561 1948 1624 tumultum
1987 1561 2193 1623 hostis
2229 1561 2543 1624 invasisse

445 1660 674 1722 urbem
747 1665 949 1740 atque
1021 1658 1286 1722 adortos
1356 1660 1600 1740 regiam
1672 1660 2002 1738 dictitanS,
2078 1680 2227 1723 cum
2299 1661 2541 1741 pubem

446 1758 771 1823 Albanam
813 1760 884 1822 in
925 1779 1140 1823 arcem
1182 1760 1503 1839 praesidio
1548 1760 1875 1841 armisque
1916 1760 2344 1824 obtinendam
2387 1781 2544 1823 avo—

447 1867 677 1937 casset,
736 1866 1089 1940 postquam
1142 1859 1410 1922 iuvenes
1462 1866 1841 1940 perpetrata
1893 1861 2088 1923 caede
2141 1880 2403 1940 pergere
2458 1859 2539 1922 ad

446 1978 513 2021 se
561 1959 965 2039 gratulantes
1011 1959 1197 2036 vidit,
1245 1960 1576 2040 extemplo
1624 1959 1947 2024 advocato
1994 1960 2262 2024 concilio
2306 1960 2543 2022 scelera

446 2058 514 2121 in
565 2079 631 2121 se
682 2058 922 2136 fratris,
975 2059 1287 2138 originem
1338 2066 1675 2140 nepotum,
1726 2066 1804 2123 ut
1856 2060 2074 2140 geniti,
2126 2065 2204 2124 ut
2256 2060 2538 2135 educati,

445 2164 522 2222 ut
578 2158 817 2238 cogniti
872 2166 1106 2236 essent,
1163 2159 1428 2222 caedem
1481 2158 1787 2240 deinceps
1837 2160 2103 2239 tyranni
2155 2179 2352 2242 seque
2404 2159 2543 2221 eius

447 2265 795 2332 auctorem,
856 2259 1165 2323 ostendit.
1287 2259 1566 2322 Iuvenes
1638 2279 1755 2340 per
1827 2260 2108 2323 mediam
2174 2259 2542 2322 contionem

448 2359 703 2439 agmine
764 2359 1030 2438 ingressi
1092 2379 1240 2421 cum
1302 2379 1503 2422 avum
1563 2379 1780 2439 regem
1841 2359 2256 2437 salutassent,
2320 2365 2544 2421 secuta

342 2535 360 2550 .
446 2478 528 2520 ex
569 2459 748 2522 omni
791 2459 1211 2523 multitudine
1254 2459 1662 2521 consentiens
1704 2480 1836 2522 vox
1876 2466 2095 2522 ratum
2142 2478 2380 2522 nomen
2422 2459 2543 2520 im-

446 2559 829 2640 periumque
857 2560 989 2639 regi
1017 2559 1236 2621 efficit.

575 2659 682 2722 Ita
750 2659 1078 2722 Numitori
1142 2658 1398 2722 Albana
1462 2664 1530 2721 re
1594 2660 1924 2739 permissa,
1994 2659 2350 2722 Romulum
2417 2659 2546 2722 Re-

448 2778 764 2839 mumque
816 2757 1052 2839 cupido
1106 2759 1278 2839 cepit
1329 2759 1396 2821 in
1447 2759 1525 2820 iis
1577 2759 1750 2843 loc·iS‚
1804 2759 1919 2821 ubi
1969 2760 2251 2839 expositi
2300 2758 2545 2839 ubique

446 2858 709 2922 educati
772 2864 980 2936 erant,
1045 2858 1227 2921 urbis
1289 2858 1684 2921 condendae.
1796 2860 1883 2921 Et
1937 2865 2272 2939 supererat
2323 2858 2546 2921 multi-

448 2959 613 3022 tudo
661 2958 1064 3022 Albanorum
1112 2959 1628 3038 Latinorumque
1638 2979 1655 3035 3
1702 2958 1786 3022 ad
1831 2959 1898 3021 id
1944 2966 2241 3039 pastores
2286 2977 2547 3041 quoque

449 3064 873 3136 accesserant,
944 3057 1058 3140 qui
1122 3077 1349 3121 omnes
1413 3058 1602 3121 facile
1668 3077 1851 3138 spem
1917 3058 2206 3123 facerent
2271 3078 2548 3140 parvam

446 3296 666 3340 eodem:
702 3295 828 3339 “the
859 3306 995 3338 same
1027 3293 1361 3345 conclusion,''
1393 3304 1448 3337 as

449 3362 712 3406 Faustulus
786 3363 874 3412 (5).
975 3361 1447 3414 sciscitandoque:

446 3439 526 3473 see
564 3441 629 3472 on
670 3430 950 3481 fluitantem.
992 3430 1038 3471 4.
1080 3429 1124 3472 6.
1198 3428 1366 3472 esset:
1396 3447 1438 3462 ===

447 3497 633 3545 abesset.
690 3495 811 3538 with
865 3494 952 3538 the
1004 3495 1123 3547 quin
1176 3495 1341 3538 clause
1394 3507 1448 3538 as

446 3563 655 3613 subject.

510 3631 559 3674 7.
594 3629 753 3674 dolus
789 3629 1062 3674 nectiturz
1097 3629 1223 3673 “the
1258 3629 1447 3673 meshes

447 3708 529 3741 are
567 3697 751 3749 closlng
788 3696 973 3749 upon.'’
1043 3696 1116 3740 ad
1153 3705 1367 3748 regem:
1397 3716 1439 3731 ==

446 3764 503 3809 in
530 3775 694 3815 renem.

512 3831 597 3874 VI.
633 3832 680 3873 1.
713 3831 887 3875 inter:
967 3830 1235 3882 '‘duringss’
1346 3830 1448 3875 The

447 3897 662 3952 periodic
683 3902 911 3942 sentence
931 3898 1041 3942 that
1064 3898 1251 3942 follows
1271 3898 1445 3942 should

1546 3296 1609 3340 be
1630 3295 1829 3339 divided
1853 3296 1905 3338 in
1928 3296 2237 3346 translation,
2263 3297 2395 3339 since
2418 3295 2549 3347 Eng-

1546 3366 1639 3408 lish
1679 3363 1796 3406 does
1836 3367 1923 3406 not
1967 3364 2106 3406 allow
2147 3374 2202 3405 so
2242 3374 2394 3415 many
2434 3363 2549 3405 sub-

1547 3430 1772 3473 ordinate
1860 3431 2237 3474 constructionS.
2358 3429 2550 3481 gratu-

1546 3496 1727 3540 lantes
1741 3507 1753 3540 :
1789 3497 1816 3515 ‘¹
1829 3498 1949 3540 with
1982 3496 2454 3548 congratulation8.''

1610 3565 1659 3607 2.
1693 3564 1945 3615 agmine:
1964 3563 2060 3606 abl.
2080 3564 2131 3605 of
2148 3574 2371 3610 manner:
2391 3567 2549 3605 trans·

1547 3634 1647 3676 late
1679 3631 1798 3673 with
1833 3630 2047 3680 inarescit.
2085 3630 2263 3672 ‘'came
2296 3629 2550 3679 marching

1547 3698 1648 3742 in.'’
1724 3698 1918 3741 ratum
1967 3726 1979 3739 .
2029 3726 2042 3740 .
2093 3726 2105 3739 .
2150 3695 2347 3740 efficit:
2393 3695 2547 3738 “con-

1547 3764 1770 3808 firmed.''

1609 3833 1659 3875 8.
1693 3831 1766 3875 ad
1793 3831 1852 3875 ld
1886 3861 1899 3874 .
1935 3860 1948 3874 .
1984 3861 1997 3874 .
2027 3829 2401 3874 accesserant:
2459 3828 2549 3872 “ln

1547 3898 1772 3942 addition
1814 3899 1886 3946 (to
1921 3898 2022 3942 this
2057 3909 2224 3942 excess
2258 3898 2310 3941 ot
2345 3894 2550 3950 popula·
