2975 4367
351 480 383 520 4

415 286 649 339 xxxviii.
689 283 742 348 5]
1278 281 1515 334 LIBER
1552 280 1643 332 III
2444 282 2513 336 95

544 466 688 531 Iam
729 471 796 529 et
837 469 1236 545 processerat
1278 485 1427 544 pars
1469 463 1676 527 maior
1717 466 1889 542 anni,
1932 473 2000 530 et
2040 466 2209 529 duae
2249 461 2513 527 tabulae

420 567 634 646 legum
697 565 778 628 ad
841 564 1069 644 prioris
1131 564 1283 626 anni
1345 563 1569 626 decem
1630 564 1891 630 tabulas
1950 572 2139 629 erant
2200 564 2510 638 adiectae,

420 687 536 732 nec
587 665 939 747 quicquam
989 665 1120 725 iam
1169 670 1524 742 supererat,
1575 664 1630 727 si
1678 685 1792 728 eae
1842 687 2104 747 quoque
2153 664 2320 744 leges
2370 684 2516 726 cen-

421 767 680 830 turiatis
732 765 1011 828 comitiis
1062 761 1351 842 perlatae
1401 769 1636 839 essent,
1691 784 1806 827 cur
1854 786 1931 829 eo
1984 765 2374 843 magistratu
2424 764 2515 825 rei

421 866 717 947 publicae
768 885 934 944 opus
984 870 1173 926 esset.
1264 864 1747 942 Expectabant,
1783 886 1983 946 quam
2038 886 2190 927 mox
2243 862 2518 927 consuli-

421 968 542 1030 bus
580 965 873 1029 creandis
910 964 1178 1027 comitia
1197 964 1621 1026 edicerentur.
1706 964 1783 1027 Id
1822 965 2017 1028 modo
2054 965 2274 1045 plebes
2313 964 2517 1043 agita-

421 1068 558 1143 bat,
615 1085 903 1147 quonam
958 1064 1154 1126 modo
1208 1063 1625 1126 tribuniciam
1679 1071 2099 1145 potestatem,
2157 1065 2518 1127 munimen-

422 1174 564 1229 tum
606 1166 913 1242 libertati,
954 1184 1090 1227 rem
1131 1163 1587 1240 intermissam,
1628 1172 2027 1245 repararent,
2070 1184 2217 1227 cum
2257 1163 2515 1226 interim

422 1267 668 1330 mentio
709 1265 1122 1329 comitiorum
1163 1261 1342 1326 nulla
1379 1262 1535 1324 fieri.

546 1365 941 1428 XXXVIII.
992 1364 1151 1427 Idus
1232 1362 1440 1425 Maiae
1521 1383 1773 1428 venere.
1865 1364 2072 1429 Nullis
2150 1364 2518 1443 subrogatis

423 1465 933 1546 magistratibus,
987 1463 1230 1545 privati
1287 1483 1403 1544 pro
1446 1463 1849 1541 decemviris,
1893 1485 2103 1546 neque
2159 1464 2391 1528 animis
2434 1463 2516 1525 ad

422 1566 765 1646 imperium
789 1564 1218 1629 inhibendum
1246 1563 1610 1628 imminutis
1628 1584 1837 1644 neque
1855 1565 1938 1628 ad
1956 1565 2234 1644 speciem
2259 1563 2518 1626 honoris

421 1647 797 1745 insignibus,
823 1665 1168 1744 prodeunt.
1259 1663 1337 1726 Id
1367 1683 1521 1727 vero
1556 1683 1829 1743 regnum
1865 1664 2040 1727 haud
2069 1664 2263 1726 dubie
2293 1662 2514 1725 videri.

422 1765 815 1845 Deploratur
857 1765 924 1827 in
967 1770 1359 1845 perpetuum
1403 1763 1689 1840 libertas»,
1726 1784 1842 1827 nec
1882 1764 2125 1826 vindex
2167 1763 2518 1843 quisquam

420 1865 675 1929 exsistit
694 1872 810 1928 aut
834 1865 1096 1927 futurus
1116 1863 1394 1931 videtur.
1487 1864 1620 1927 Nec
1649 1863 1772 1943 ipsi
1797 1864 2009 1927 solum
2035 1863 2519 1943 desponderant

421 1965 692 2041 animos,
742 1965 855 2027 sed
915 1962 1247 2028 contemni
1296 1963 1512 2041 coepti
1559 1969 1747 2026 erant
1812 1986 1851 2027 a
1899 1964 2191 2026 finitimis
2239 1963 2516 2043 populiS,

420 2064 894 2145 imperiumque
945 2064 1033 2126 ibi
1090 2082 1247 2140 esse,
1303 2063 1416 2124 ubi
1474 2085 1608 2127 non
1665 2069 1833 2126 esset
1892 2063 2176 2140 libertaS,
2225 2063 2520 2143 indigna-

418 2165 679 2228 bantur.

544 2258 766 2329 Sabini
802 2286 1040 2345 magna
1075 2284 1275 2326 manu
1309 2263 1743 2327 incursionem
1777 2263 1845 2327 in
1880 2285 2107 2344 agrum
2142 2265 2523 2328 Romanum

420 2363 645 2441 fecere,
693 2365 954 2445 lateque
1000 2362 1318 2444 populati,
1367 2384 1517 2425 cum
1563 2364 1903 2427 hominum
1949 2371 2148 2444 atque
2192 2364 2516 2443 pecudum

418 2463 609 2527 inulti
648 2465 924 2544 praedas
961 2464 1261 2544 egissent,
1302 2469 1564 2542 recepto
1603 2462 1685 2526 ad
1727 2465 2020 2541 Eretum,
2061 2463 2236 2544 quod
2275 2464 2516 2543 passim

419 2569 735 2643 vagatum
780 2570 942 2641 erat,
995 2563 1250 2644 agmine
1298 2570 1515 2626 castra
1561 2563 1799 2640 locant,
1848 2584 2034 2644 spem
2079 2563 2147 2626 in
2196 2562 2518 2627 discordia

420 2664 726 2728 Romana
793 2671 1135 2744 ponentes:
1202 2683 1349 2727 eam
1416 2661 1962 2742 impedimentum
2028 2663 2293 2727 dilectui
2359 2664 2512 2728 fore.

355 2775 384 2814 4
420 2763 569 2827 Non
614 2765 829 2827 nuntii
874 2764 1105 2841 solum,
1144 2764 1256 2827 sed
1293 2784 1408 2843 per
1446 2765 1676 2827 urbem
1721 2764 2075 2844 agrestium
2121 2764 2277 2844 fuga
2320 2764 2517 2843 trepi-

417 2863 754 2928 dationem
791 2865 1030 2927 iniecit.
1118 2863 1485 2927 Decemviri
1524 2863 1919 2940 consultant,
1946 2864 2103 2944 quid
2136 2885 2302 2943 opus
2339 2864 2515 2927 facto

417 2964 523 3041 sit,
564 2963 867 3028 destituti
905 2964 1076 3028 inter
1113 2970 1378 3044 patrum
1416 2969 1483 3026 et
1523 2963 1728 3043 plebis
1765 2963 1937 3040 odia,
1979 2964 2166 3028 addit
2204 2970 2516 3027 terrorem

351 3073 384 3117 5
417 3063 679 3144 insuper
732 3064 932 3128 alium
986 3065 1272 3127 fortuna.
1363 3063 1572 3143 Aequi
1628 3063 1755 3127 alia
1806 3084 1889 3127 ex
1941 3071 2130 3144 parte
2183 3070 2397 3127 castra
2449 3064 2516 3126 in

479 3269 528 3311 δ.
561 3265 972 3309 intermittam:
995 3266 1058 3309 cf.
1083 3266 1158 3309 34.
1183 3266 1227 3309 8.
1273 3263 1417 3308 fleri:
1516 3262 1750 3309 bantur:
1774 3264 1860 3309 the
1880 3265 2082 3317 finitimi
2101 3265 2273 3317 populi
2293 3265 2380 3309 felt
2403 3266 2515 3310 that

418 3335 503 3377 the
543 3334 659 3377 hist.
702 3334 791 3377 inf.
835 3335 964 3376 after
1004 3344 1113 3375 cum
1154 3334 1195 3375 is
1237 3334 1288 3375 ln
1331 3333 1418 3376 the
1517 3333 1674 3375 Rome
1700 3333 1874 3376 should
1903 3338 1991 3377 not
2020 3334 2232 3376 exercise
2257 3334 2516 3384 imperium

415 3402 544 3453 style
571 3402 623 3445 of
651 3401 850 3446 Sallust.
1513 3411 1631 3443 over
1653 3401 1804 3450 them.
1829 3402 1867 3443 ir
1893 3401 1979 3443 she
2005 3401 2148 3443 could
2176 3404 2265 3444 not
2293 3412 2517 3452 preserve

479 3467 778 3512 XXXVIII.
843 3468 891 3510 1.
952 3465 1296 3518 subrogatis:
1365 3484 1408 3500 -
1514 3468 1600 3510 her
1633 3477 1742 3509 own
1778 3469 2011 3511 freedom.

415 3536 597 3579 creatis.
653 3534 885 3586 privati:
910 3534 1117 3576 because
1140 3534 1267 3576 their
1290 3536 1415 3576 term
1576 3537 1627 3579 3.
1662 3535 1979 3585 hominum,
2018 3536 2327 3587 pecudum:
2364 3546 2517 3588 appo-

414 3604 466 3645 οἳ
493 3604 632 3645 office
660 3602 758 3645 had
788 3601 1004 3653 expired.
1064 3601 1416 3645 imminutis:
1514 3602 1594 3645 sit.
1636 3614 1743 3653 gen.
1784 3604 1904 3645 with
1945 3605 2160 3654 maedus.
2235 3602 2324 3645 See
2362 3613 2428 3644 on
2474 3604 2513 3646 1.

413 3669 532 3712 with
561 3669 834 3719 inionibus
862 3679 916 3710 as
943 3666 1051 3709 well
1079 3679 1133 3709 as
1161 3668 1281 3710 with
1310 3669 1416 3710 ani·
1520 3671 1590 3712 13.
1623 3672 1666 3712 2.
1729 3678 1879 3713 eam:
1908 3671 1983 3712 for
2010 3671 2076 3719 id,
2110 3671 2240 3713 since
2270 3670 2355 3713 the
2382 3670 2512 3713 dem.

414 3737 520 3779 mis.
608 3744 898 3787 regnumz·
930 3735 1005 3777 for
1060 3735 1186 3778 their
1240 3734 1418 3785 feeling
1515 3747 1653 3788 pron.
1692 3737 1733 3779 is
1770 3737 2013 3789 regularly
2050 3738 2295 3780 attracted
2342 3741 2394 3791 tq
2429 3737 2515 3780 the

413 3805 604 3854 against
638 3803 750 3851 this.
785 3803 847 3846 cf.
881 3804 924 3845 2.
963 3803 1003 3845 1.
1036 3806 1081 3854 9,
1114 3802 1211 3844 and
1246 3805 1289 3845 2.
1323 3805 1366 3846 7.
1515 3803 1779 3854 predicate.
1838 3805 1926 3847 See
1950 3814 2014 3846 on
2042 3808 2084 3849 2.
2117 3806 2187 3847 10.
2217 3807 2260 3848 2.

474 3872 524 3915 2.
557 3871 688 3924 ipsi:
734 3871 819 3916 the
864 3870 1081 3916 citizens·
1157 3870 1416 3924 indicna·
