<?xml version="1.0" encoding="UTF-8"?>
<!DOCTYPE html PUBLIC "-//W3C//DTD XHTML 1.0 Transitional//EN"
    "http://www.w3.org/TR/xhtml1/DTD/xhtml1-transitional.dtd">
<html xmlns="http://www.w3.org/1999/xhtml" xml:lang="en" lang="en">
 <head>
  <title>
</title>
<meta http-equiv="Content-Type" content="text/html;charset=utf-8" />
  <meta name='ocr-system' content='tesseract 3.04.00' />
  <meta name='ocr-capabilities' content='ocr_page ocr_carea ocr_par ocr_line ocrx_word'/>
</head>
<body>
  <div class='ocr_page' id='page_1' title='image "./livyselectionsf00longgoog_0084.png"; bbox 0 0 2975 4367; ppageno 0'>
   <div class='ocr_carea' id='block_1_1' title="bbox 497 176 2593 293">
    <p class='ocr_par' dir='ltr' id='par_1_1' title="bbox 497 176 2593 293">
     <span class='ocr_line' id='line_1_1' title="bbox 497 176 2593 293; baseline 0 -10"><span class='ocrx_word' id='word_1_1' title='bbox 497 233 565 283; x_wconf 93' lang='lat'>80</span> <span class='ocrx_word' id='word_1_2' title='bbox 987 176 1007 196; x_wconf 54' lang='lat'><strong>·</strong></span> <span class='ocrx_word' id='word_1_3' title='bbox 1393 229 1459 282; x_wconf 91' lang='lat' dir='ltr'>T.</span> <span class='ocrx_word' id='word_1_4' title='bbox 1496 226 1656 281; x_wconf 93' lang='lat' dir='ltr'><strong>LIVI</strong></span> <span class='ocrx_word' id='word_1_5' title='bbox 2305 227 2481 293; x_wconf 79' lang='lat' dir='ltr'>[xxiii.</span> <span class='ocrx_word' id='word_1_6' title='bbox 2528 232 2593 282; x_wconf 85' lang='lat'>14</span> 
     </span>
    </p>
   </div>
   <div class='ocr_carea' id='block_1_2' title="bbox 407 408 2607 2692">
    <p class='ocr_par' dir='ltr' id='par_1_2' title="bbox 407 408 2607 2692">
     <span class='ocr_line' id='line_1_2' title="bbox 445 408 2597 492; baseline -0.001 -17"><span class='ocrx_word' id='word_1_7' title='bbox 445 458 451 463; x_wconf 83' lang='lat'><em>-</em></span> <span class='ocrx_word' id='word_1_8' title='bbox 500 430 634 475; x_wconf 94' lang='lat' dir='ltr'>non</span> <span class='ocrx_word' id='word_1_9' title='bbox 687 411 882 475; x_wconf 92' lang='lat' dir='ltr'>modo</span> <span class='ocrx_word' id='word_1_10' title='bbox 936 410 1106 474; x_wconf 92' lang='lat' dir='ltr'>inter</span> <span class='ocrx_word' id='word_1_11' title='bbox 1158 416 1399 491; x_wconf 86' lang='lat' dir='ltr'>patres,</span> <span class='ocrx_word' id='word_1_12' title='bbox 1456 409 1569 473; x_wconf 90' lang='lat' dir='ltr'>sed</span> <span class='ocrx_word' id='word_1_13' title='bbox 1626 428 1706 471; x_wconf 91' lang='lat' dir='ltr'>ne</span> <span class='ocrx_word' id='word_1_14' title='bbox 1759 408 1930 472; x_wconf 89' lang='lat' dir='ltr'>inter</span> <span class='ocrx_word' id='word_1_15' title='bbox 1984 408 2277 474; x_wconf 87' lang='lat' dir='ltr'>consules</span> <span class='ocrx_word' id='word_1_16' title='bbox 2331 410 2597 492; x_wconf 92' lang='lat' dir='ltr'>quidem</span> 
     </span>
     <span class='ocr_line' id='line_1_3' title="bbox 407 509 2598 591; baseline 0 -20"><span class='ocrx_word' id='word_1_17' title='bbox 407 529 463 571; x_wconf 87' lang='lat'>15</span> <span class='ocrx_word' id='word_1_18' title='bbox 499 512 673 591; x_wconf 91' lang='lat' dir='ltr'>ipsos</span> <span class='ocrx_word' id='word_1_19' title='bbox 709 512 870 576; x_wconf 89' lang='lat' dir='ltr'>satis</span> <span class='ocrx_word' id='word_1_20' title='bbox 907 511 1356 574; x_wconf 87' lang='lat' dir='ltr'>conveniebat.</span> <span class='ocrx_word' id='word_1_21' title='bbox 1450 509 1722 588; x_wconf 86' lang='lat' dir='ltr'>Appius,</span> <span class='ocrx_word' id='word_1_22' title='bbox 1763 510 2167 573; x_wconf 92' lang='lat' dir='ltr'>vehementis</span> <span class='ocrx_word' id='word_1_23' title='bbox 2202 509 2440 590; x_wconf 91' lang='lat' dir='ltr'>ingenii</span> <span class='ocrx_word' id='word_1_24' title='bbox 2478 511 2598 587; x_wconf 91' lang='lat' dir='ltr'>vir,</span> 
     </span>
     <span class='ocr_line' id='line_1_4' title="bbox 502 609 2600 692; baseline -0 -18"><span class='ocrx_word' id='word_1_25' title='bbox 502 612 772 692; x_wconf 91' lang='lat' dir='ltr'>imperio</span> <span class='ocrx_word' id='word_1_26' title='bbox 810 610 1129 675; x_wconf 88' lang='lat' dir='ltr'>consulari</span> <span class='ocrx_word' id='word_1_27' title='bbox 1167 630 1302 672; x_wconf 92' lang='lat' dir='ltr'>rem</span> <span class='ocrx_word' id='word_1_28' title='bbox 1341 609 1661 688; x_wconf 81' lang='lat' dir='ltr'>agendam</span> <span class='ocrx_word' id='word_1_29' title='bbox 1699 609 2032 672; x_wconf 88' lang='lat' dir='ltr'>censebat:</span> <span class='ocrx_word' id='word_1_30' title='bbox 2069 629 2201 673; x_wconf 92' lang='lat' dir='ltr'>uno</span> <span class='ocrx_word' id='word_1_31' title='bbox 2240 617 2356 673; x_wconf 89' lang='lat' dir='ltr'>aut</span> <span class='ocrx_word' id='word_1_32' title='bbox 2394 609 2600 673; x_wconf 91' lang='lat' dir='ltr'>altero</span> 
     </span>
     <span class='ocr_line' id='line_1_5' title="bbox 504 707 2602 792; baseline -0.001 -17"><span class='ocrx_word' id='word_1_33' title='bbox 504 712 777 791; x_wconf 78' lang='lat' dir='ltr'>adrepto</span> <span class='ocrx_word' id='word_1_34' title='bbox 862 711 1197 792; x_wconf 92' lang='lat' dir='ltr'>quieturos</span> <span class='ocrx_word' id='word_1_35' title='bbox 1283 710 1468 786; x_wconf 88' lang='lat' dir='ltr'>alios;</span> <span class='ocrx_word' id='word_1_36' title='bbox 1555 707 1880 784; x_wconf 88' lang='lat' dir='ltr'>Servilius,</span> <span class='ocrx_word' id='word_1_37' title='bbox 1968 708 2220 773; x_wconf 91' lang='lat' dir='ltr'>lenibus</span> <span class='ocrx_word' id='word_1_38' title='bbox 2302 709 2602 773; x_wconf 85' lang='lat' dir='ltr'>remediis</span> 
     </span>
     <span class='ocr_line' id='line_1_6' title="bbox 424 808 2601 892; baseline -0.002 -17"><span class='ocrx_word' id='word_1_39' title='bbox 424 844 431 851; x_wconf 93' lang='lat'><strong>·</strong></span> <span class='ocrx_word' id='word_1_40' title='bbox 504 812 739 892; x_wconf 89' lang='lat' dir='ltr'>aptior,</span> <span class='ocrx_word' id='word_1_41' title='bbox 780 811 1142 875; x_wconf 86' lang='lat' dir='ltr'>concitatos</span> <span class='ocrx_word' id='word_1_42' title='bbox 1181 810 1433 873; x_wconf 92' lang='lat' dir='ltr'>animos</span> <span class='ocrx_word' id='word_1_43' title='bbox 1471 808 1645 871; x_wconf 84' lang='lat' dir='ltr'>flecti</span> <span class='ocrx_word' id='word_1_44' title='bbox 1673 827 1872 888; x_wconf 90' lang='lat' dir='ltr'>quam</span> <span class='ocrx_word' id='word_1_45' title='bbox 1900 808 2111 889; x_wconf 86' lang='lat' dir='ltr'>frangi</span> <span class='ocrx_word' id='word_1_46' title='bbox 2138 808 2425 890; x_wconf 89' lang='lat' dir='ltr'>putabat</span> <span class='ocrx_word' id='word_1_47' title='bbox 2452 829 2601 871; x_wconf 93' lang='lat' dir='ltr'>cum</span> 
     </span>
     <span class='ocr_line' id='line_1_7' title="bbox 504 910 1702 988; baseline -0.004 -12"><span class='ocrx_word' id='word_1_48' title='bbox 504 912 715 976; x_wconf 91' lang='lat' dir='ltr'>tutius</span> <span class='ocrx_word' id='word_1_49' title='bbox 755 920 900 976; x_wconf 90' lang='lat' dir='ltr'>tum</span> <span class='ocrx_word' id='word_1_50' title='bbox 940 910 1191 974; x_wconf 81' lang='lat' dir='ltr'>facilius</span> <span class='ocrx_word' id='word_1_51' title='bbox 1230 929 1385 974; x_wconf 88' lang='lat' dir='ltr'>esse.</span> <span class='ocrx_word' id='word_1_52' title='bbox 1699 985 1702 988; x_wconf 13' lang='lat'><strong>⁴</strong></span> 
     </span>
     <span class='ocr_line' id='line_1_8' title="bbox 443 1007 2606 1089; baseline -0 -16"><span class='ocrx_word' id='word_1_53' title='bbox 443 1033 462 1073; x_wconf 87' lang='lat'><em>1</em></span> <span class='ocrx_word' id='word_1_54' title='bbox 631 1012 928 1075; x_wconf 90' lang='lat' dir='ltr'><strong>XXXII.</strong></span> <span class='ocrx_word' id='word_1_55' title='bbox 960 1010 1181 1074; x_wconf 91' lang='lat' dir='ltr'>Timor</span> <span class='ocrx_word' id='word_1_56' title='bbox 1202 1011 1352 1073; x_wconf 90' lang='lat' dir='ltr'>inde</span> <span class='ocrx_word' id='word_1_57' title='bbox 1368 1016 1590 1089; x_wconf 89' lang='lat' dir='ltr'>patres</span> <span class='ocrx_word' id='word_1_58' title='bbox 1611 1007 1893 1086; x_wconf 76' lang='lat' dir='ltr'>incessit,</span> <span class='ocrx_word' id='word_1_59' title='bbox 1914 1029 2015 1086; x_wconf 93' lang='lat' dir='ltr'>ne,</span> <span class='ocrx_word' id='word_1_60' title='bbox 2034 1010 2088 1074; x_wconf 89' lang='lat' dir='ltr'>si</span> <span class='ocrx_word' id='word_1_61' title='bbox 2106 1010 2407 1074; x_wconf 89' lang='lat' dir='ltr'>dimissus</span> <span class='ocrx_word' id='word_1_62' title='bbox 2424 1029 2606 1073; x_wconf 88' lang='lat' dir='ltr'>exer-</span> 
     </span>
     <span class='ocr_line' id='line_1_9' title="bbox 506 1108 2601 1191; baseline -0.002 -15"><span class='ocrx_word' id='word_1_63' title='bbox 506 1113 674 1177; x_wconf 90' lang='lat' dir='ltr'>citus</span> <span class='ocrx_word' id='word_1_64' title='bbox 716 1113 901 1188; x_wconf 80' lang='lat' dir='ltr'>foret,</span> <span class='ocrx_word' id='word_1_65' title='bbox 939 1131 1159 1175; x_wconf 89' lang='lat' dir='ltr'>rursus</span> <span class='ocrx_word' id='word_1_66' title='bbox 1196 1118 1419 1174; x_wconf 91' lang='lat' dir='ltr'>coetus</span> <span class='ocrx_word' id='word_1_67' title='bbox 1445 1108 1685 1172; x_wconf 93' lang='lat' dir='ltr'>occulti</span> <span class='ocrx_word' id='word_1_68' title='bbox 1714 1108 2320 1191; x_wconf 91' lang='lat' dir='ltr'>coniurationesque</span> <span class='ocrx_word' id='word_1_69' title='bbox 2353 1111 2601 1174; x_wconf 93' lang='lat' dir='ltr'>fierent.</span> 
     </span>
     <span class='ocr_line' id='line_1_10' title="bbox 506 1208 2603 1294; baseline -0.002 -16"><span class='ocrx_word' id='word_1_70' title='bbox 506 1215 763 1294; x_wconf 91' lang='lat' dir='ltr'>Itaque,</span> <span class='ocrx_word' id='word_1_71' title='bbox 794 1231 1197 1294; x_wconf 90' lang='lat' dir='ltr'>quamquam</span> <span class='ocrx_word' id='word_1_72' title='bbox 1231 1230 1346 1290; x_wconf 91' lang='lat' dir='ltr'>per</span> <span class='ocrx_word' id='word_1_73' title='bbox 1379 1209 1770 1272; x_wconf 86' lang='lat' dir='ltr'>dictatorem</span> <span class='ocrx_word' id='word_1_74' title='bbox 1804 1208 2079 1274; x_wconf 87' lang='lat' dir='ltr'>dilectus</span> <span class='ocrx_word' id='word_1_75' title='bbox 2113 1208 2379 1280; x_wconf 85' lang='lat' dir='ltr'>habitus</span> <span class='ocrx_word' id='word_1_76' title='bbox 2411 1216 2603 1288; x_wconf 88' lang='lat' dir='ltr'>esset,</span> 
     </span>
     <span class='ocr_line' id='line_1_11' title="bbox 508 1309 2607 1394; baseline -0.003 -16"><span class='ocrx_word' id='word_1_77' title='bbox 508 1322 751 1390; x_wconf 88' lang='lat' dir='ltr'>tamen,</span> <span class='ocrx_word' id='word_1_78' title='bbox 818 1312 1127 1394; x_wconf 87' lang='lat' dir='ltr'>quoniam</span> <span class='ocrx_word' id='word_1_79' title='bbox 1190 1312 1259 1374; x_wconf 93' lang='lat' dir='ltr'>in</span> <span class='ocrx_word' id='word_1_80' title='bbox 1321 1309 1661 1373; x_wconf 92' lang='lat' dir='ltr'>consulum</span> <span class='ocrx_word' id='word_1_81' title='bbox 1725 1309 1927 1371; x_wconf 90' lang='lat' dir='ltr'>verba</span> <span class='ocrx_word' id='word_1_82' title='bbox 1986 1310 2328 1387; x_wconf 85' lang='lat' dir='ltr'>iurassent,</span> <span class='ocrx_word' id='word_1_83' title='bbox 2392 1330 2607 1373; x_wconf 86' lang='lat' dir='ltr'>sacra-</span> 
     </span>
     <span class='ocr_line' id='line_1_12' title="bbox 507 1409 2606 1491; baseline -0.002 -14"><span class='ocrx_word' id='word_1_84' title='bbox 507 1421 730 1477; x_wconf 89' lang='lat' dir='ltr'>mento</span> <span class='ocrx_word' id='word_1_85' title='bbox 760 1412 966 1476; x_wconf 91' lang='lat' dir='ltr'>teneri</span> <span class='ocrx_word' id='word_1_86' title='bbox 997 1411 1271 1475; x_wconf 91' lang='lat' dir='ltr'>militem</span> <span class='ocrx_word' id='word_1_87' title='bbox 1301 1410 1448 1486; x_wconf 91' lang='lat' dir='ltr'>rati,</span> <span class='ocrx_word' id='word_1_88' title='bbox 1480 1429 1598 1490; x_wconf 88' lang='lat' dir='ltr'>per</span> <span class='ocrx_word' id='word_1_89' title='bbox 1626 1427 1890 1471; x_wconf 89' lang='lat' dir='ltr'>causam</span> <span class='ocrx_word' id='word_1_90' title='bbox 1919 1409 2218 1473; x_wconf 91' lang='lat' dir='ltr'>renovati</span> <span class='ocrx_word' id='word_1_91' title='bbox 2248 1410 2333 1473; x_wconf 87' lang='lat' dir='ltr'>ab</span> <span class='ocrx_word' id='word_1_92' title='bbox 2363 1410 2606 1491; x_wconf 90' lang='lat' dir='ltr'>Aequis</span> 
     </span>
     <span class='ocr_line' id='line_1_13' title="bbox 509 1508 2604 1590; baseline -0 -15"><span class='ocrx_word' id='word_1_93' title='bbox 509 1513 656 1576; x_wconf 92' lang='lat' dir='ltr'>belli</span> <span class='ocrx_word' id='word_1_94' title='bbox 691 1512 879 1575; x_wconf 91' lang='lat' dir='ltr'>educi</span> <span class='ocrx_word' id='word_1_95' title='bbox 914 1531 998 1574; x_wconf 86' lang='lat' dir='ltr'>ex</span> <span class='ocrx_word' id='word_1_96' title='bbox 1029 1511 1191 1573; x_wconf 90' lang='lat' dir='ltr'>urbe</span> <span class='ocrx_word' id='word_1_97' title='bbox 1227 1510 1507 1590; x_wconf 87' lang='lat' dir='ltr'>legiones</span> <span class='ocrx_word' id='word_1_98' title='bbox 1540 1508 1793 1572; x_wconf 89' lang='lat' dir='ltr'>iussere.</span> <span class='ocrx_word' id='word_1_99' title='bbox 1889 1510 2033 1587; x_wconf 80' lang='lat' dir='ltr'>Quo</span> <span class='ocrx_word' id='word_1_100' title='bbox 2061 1510 2239 1574; x_wconf 85' lang='lat' dir='ltr'>facto</span> <span class='ocrx_word' id='word_1_101' title='bbox 2267 1516 2604 1574; x_wconf 85' lang='lat' dir='ltr'>maturata</span> 
     </span>
     <span class='ocr_line' id='line_1_14' title="bbox 441 1608 2606 1691; baseline -0.003 -14"><span class='ocrx_word' id='word_1_102' title='bbox 441 1637 470 1677; x_wconf 92' lang='lat'>2</span> <span class='ocrx_word' id='word_1_103' title='bbox 505 1622 605 1678; x_wconf 90' lang='lat' dir='ltr'>est</span> <span class='ocrx_word' id='word_1_104' title='bbox 671 1612 925 1677; x_wconf 90' lang='lat' dir='ltr'>sediti0.</span> <span class='ocrx_word' id='word_1_105' title='bbox 1018 1614 1106 1676; x_wconf 94' lang='lat' dir='ltr'>Et</span> <span class='ocrx_word' id='word_1_106' title='bbox 1171 1611 1382 1691; x_wconf 92' lang='lat' dir='ltr'>primo</span> <span class='ocrx_word' id='word_1_107' title='bbox 1429 1609 1756 1688; x_wconf 90' lang='lat' dir='ltr'>agitatum</span> <span class='ocrx_word' id='word_1_108' title='bbox 1814 1609 2057 1673; x_wconf 91' lang='lat' dir='ltr'>dicitur</span> <span class='ocrx_word' id='word_1_109' title='bbox 2119 1608 2200 1673; x_wconf 92' lang='lat' dir='ltr'>de</span> <span class='ocrx_word' id='word_1_110' title='bbox 2266 1609 2606 1674; x_wconf 91' lang='lat' dir='ltr'>consulum</span> 
     </span>
     <span class='ocr_line' id='line_1_15' title="bbox 508 1709 2606 1791; baseline -0.002 -14"><span class='ocrx_word' id='word_1_111' title='bbox 508 1713 723 1791; x_wconf 88' lang='lat' dir='ltr'>caede,</span> <span class='ocrx_word' id='word_1_112' title='bbox 760 1720 839 1778; x_wconf 93' lang='lat' dir='ltr'>ut</span> <span class='ocrx_word' id='word_1_113' title='bbox 879 1712 1287 1777; x_wconf 88' lang='lat' dir='ltr'>solverentur</span> <span class='ocrx_word' id='word_1_114' title='bbox 1327 1716 1737 1774; x_wconf 85' lang='lat' dir='ltr'>sacramento</span> <span class='ocrx_word' id='word_1_115' title='bbox 1748 1729 1764 1786; x_wconf 88' lang='lat'>;</span> <span class='ocrx_word' id='word_1_116' title='bbox 1806 1709 2037 1774; x_wconf 89' lang='lat' dir='ltr'>doctos</span> <span class='ocrx_word' id='word_1_117' title='bbox 2081 1709 2316 1774; x_wconf 91' lang='lat' dir='ltr'>deinde</span> <span class='ocrx_word' id='word_1_118' title='bbox 2358 1710 2606 1773; x_wconf 91' lang='lat' dir='ltr'>nullam</span> 
     </span>
     <span class='ocr_line' id='line_1_16' title="bbox 506 1808 2603 1893; baseline -0.003 -16"><span class='ocrx_word' id='word_1_119' title='bbox 506 1814 742 1877; x_wconf 86' lang='lat' dir='ltr'>scelere</span> <span class='ocrx_word' id='word_1_120' title='bbox 768 1813 1141 1893; x_wconf 88' lang='lat' dir='ltr'>religionem</span> <span class='ocrx_word' id='word_1_121' title='bbox 1171 1810 1439 1886; x_wconf 86' lang='lat' dir='ltr'>exsolvi,</span> <span class='ocrx_word' id='word_1_122' title='bbox 1473 1808 1710 1873; x_wconf 83' lang='lat' dir='ltr'>Sicinio</span> <span class='ocrx_word' id='word_1_123' title='bbox 1742 1808 2030 1889; x_wconf 91' lang='lat' dir='ltr'>quodam</span> <span class='ocrx_word' id='word_1_124' title='bbox 2062 1818 2326 1874; x_wconf 90' lang='lat' dir='ltr'>auctore</span> <span class='ocrx_word' id='word_1_125' title='bbox 2355 1810 2603 1874; x_wconf 90' lang='lat' dir='ltr'>iniussu</span> 
     </span>
     <span class='ocr_line' id='line_1_17' title="bbox 508 1909 2607 1978; baseline -0.002 -2"><span class='ocrx_word' id='word_1_126' title='bbox 508 1914 847 1978; x_wconf 88' lang='lat' dir='ltr'>consulum</span> <span class='ocrx_word' id='word_1_127' title='bbox 879 1912 947 1976; x_wconf 96' lang='lat' dir='ltr'>in</span> <span class='ocrx_word' id='word_1_128' title='bbox 979 1914 1249 1976; x_wconf 86' lang='lat' dir='ltr'>Sacrum</span> <span class='ocrx_word' id='word_1_129' title='bbox 1283 1916 1577 1973; x_wconf 89' lang='lat' dir='ltr'>montem</span> <span class='ocrx_word' id='word_1_130' title='bbox 1609 1909 1941 1972; x_wconf 89' lang='lat' dir='ltr'>secessisse</span> <span class='ocrx_word' id='word_1_131' title='bbox 1968 1944 2050 1954; x_wconf 93' lang='lat'>—-</span> <span class='ocrx_word' id='word_1_132' title='bbox 2073 1922 2256 1974; x_wconf 87' lang='lat' dir='ltr'>trans</span> <span class='ocrx_word' id='word_1_133' title='bbox 2290 1911 2607 1973; x_wconf 90' lang='lat' dir='ltr'>Anienem</span> 
     </span>
     <span class='ocr_line' id='line_1_18' title="bbox 442 2008 2606 2091; baseline -0.003 -12"><span class='ocrx_word' id='word_1_134' title='bbox 442 2039 470 2079; x_wconf 87' lang='lat'><strong>3</strong></span> <span class='ocrx_word' id='word_1_135' title='bbox 508 2033 768 2077; x_wconf 91' lang='lat' dir='ltr'>amnem</span> <span class='ocrx_word' id='word_1_136' title='bbox 810 2021 930 2090; x_wconf 93' lang='lat' dir='ltr'>est,</span> <span class='ocrx_word' id='word_1_137' title='bbox 976 2013 1104 2077; x_wconf 91' lang='lat' dir='ltr'>tria</span> <span class='ocrx_word' id='word_1_138' title='bbox 1147 2012 1231 2075; x_wconf 91' lang='lat' dir='ltr'>ab</span> <span class='ocrx_word' id='word_1_139' title='bbox 1271 2010 1433 2073; x_wconf 90' lang='lat' dir='ltr'>urbe</span> <span class='ocrx_word' id='word_1_140' title='bbox 1477 2008 1657 2071; x_wconf 89' lang='lat' dir='ltr'>milia</span> <span class='ocrx_word' id='word_1_141' title='bbox 1698 2027 2012 2087; x_wconf 87' lang='lat' dir='ltr'>passuum</span> <span class='ocrx_word' id='word_1_142' title='bbox 2023 2029 2039 2087; x_wconf 79' lang='lat'><em>3</em></span> <span class='ocrx_word' id='word_1_143' title='bbox 2081 2030 2159 2074; x_wconf 88' lang='lat' dir='ltr'>ea</span> <span class='ocrx_word' id='word_1_144' title='bbox 2202 2009 2606 2091; x_wconf 76' lang='lat' dir='ltr'>frequentior</span> 
     </span>
     <span class='ocr_line' id='line_1_19' title="bbox 497 2109 2605 2195; baseline -0.002 -20"><span class='ocrx_word' id='word_1_145' title='bbox 497 2114 684 2195; x_wconf 17' lang='lat' dir='ltr'>‘fama</span> <span class='ocrx_word' id='word_1_146' title='bbox 737 2120 838 2177; x_wconf 93' lang='lat' dir='ltr'>est</span> <span class='ocrx_word' id='word_1_147' title='bbox 894 2133 1114 2195; x_wconf 89' lang='lat' dir='ltr'>quam,</span> <span class='ocrx_word' id='word_1_148' title='bbox 1173 2111 1354 2174; x_wconf 91' lang='lat' dir='ltr'>cuius</span> <span class='ocrx_word' id='word_1_149' title='bbox 1411 2109 1559 2172; x_wconf 92' lang='lat' dir='ltr'>Piso</span> <span class='ocrx_word' id='word_1_150' title='bbox 1616 2116 1846 2173; x_wconf 91' lang='lat' dir='ltr'>auctor</span> <span class='ocrx_word' id='word_1_151' title='bbox 1898 2115 2018 2187; x_wconf 90' lang='lat' dir='ltr'>est,</span> <span class='ocrx_word' id='word_1_152' title='bbox 2075 2110 2145 2173; x_wconf 95' lang='lat' dir='ltr'>in</span> <span class='ocrx_word' id='word_1_153' title='bbox 2201 2110 2605 2173; x_wconf 90' lang='lat' dir='ltr'>Aventinum</span> 
     </span>
     <span class='ocr_line' id='line_1_20' title="bbox 441 2207 2606 2287; baseline -0.004 -7"><span class='ocrx_word' id='word_1_154' title='bbox 441 2240 471 2280; x_wconf 83' lang='lat'>4</span> <span class='ocrx_word' id='word_1_155' title='bbox 505 2215 929 2278; x_wconf 87' lang='lat' dir='ltr'>secessionem</span> <span class='ocrx_word' id='word_1_156' title='bbox 992 2214 1237 2277; x_wconf 86' lang='lat' dir='ltr'>factam</span> <span class='ocrx_word' id='word_1_157' title='bbox 1298 2229 1437 2274; x_wconf 88' lang='lat' dir='ltr'>esse</span> <span class='ocrx_word' id='word_1_158' title='bbox 1463 2229 1571 2287; x_wconf 80' lang='lat'>—3</span> <span class='ocrx_word' id='word_1_159' title='bbox 1633 2207 1724 2270; x_wconf 87' lang='lat' dir='ltr'>ibi</span> <span class='ocrx_word' id='word_1_160' title='bbox 1787 2208 1924 2272; x_wconf 91' lang='lat' dir='ltr'>sine</span> <span class='ocrx_word' id='word_1_161' title='bbox 1985 2210 2117 2273; x_wconf 95' lang='lat' dir='ltr'>ullo</span> <span class='ocrx_word' id='word_1_162' title='bbox 2181 2210 2365 2287; x_wconf 92' lang='lat' dir='ltr'>duce,</span> <span class='ocrx_word' id='word_1_163' title='bbox 2431 2209 2606 2273; x_wconf 88' lang='lat' dir='ltr'>vallo</span> 
     </span>
     <span class='ocr_line' id='line_1_21' title="bbox 507 2308 2606 2395; baseline -0.002 -19"><span class='ocrx_word' id='word_1_164' title='bbox 507 2315 808 2395; x_wconf 85' lang='lat' dir='ltr'>fossaque</span> <span class='ocrx_word' id='word_1_165' title='bbox 874 2312 1291 2377; x_wconf 91' lang='lat' dir='ltr'>communitis</span> <span class='ocrx_word' id='word_1_166' title='bbox 1356 2308 1606 2385; x_wconf 87' lang='lat' dir='ltr'>castris,</span> <span class='ocrx_word' id='word_1_167' title='bbox 1675 2309 1900 2389; x_wconf 91' lang='lat' dir='ltr'>quieti,</span> <span class='ocrx_word' id='word_1_168' title='bbox 1966 2330 2105 2373; x_wconf 92' lang='lat' dir='ltr'>rem</span> <span class='ocrx_word' id='word_1_169' title='bbox 2170 2309 2417 2374; x_wconf 90' lang='lat' dir='ltr'>nullam</span> <span class='ocrx_word' id='word_1_170' title='bbox 2482 2308 2606 2373; x_wconf 92' lang='lat' dir='ltr'>nisi</span> 
     </span>
     <span class='ocr_line' id='line_1_22' title="bbox 506 2407 2606 2491; baseline -0.002 -14"><span class='ocrx_word' id='word_1_171' title='bbox 506 2414 932 2477; x_wconf 87' lang='lat' dir='ltr'>necessariam</span> <span class='ocrx_word' id='word_1_172' title='bbox 974 2412 1056 2476; x_wconf 91' lang='lat' dir='ltr'>ad</span> <span class='ocrx_word' id='word_1_173' title='bbox 1099 2413 1348 2475; x_wconf 91' lang='lat' dir='ltr'>victum</span> <span class='ocrx_word' id='word_1_174' title='bbox 1388 2407 1728 2486; x_wconf 80' lang='lat' dir='ltr'>sumendo,</span> <span class='ocrx_word' id='word_1_175' title='bbox 1769 2428 1888 2488; x_wconf 91' lang='lat' dir='ltr'>per</span> <span class='ocrx_word' id='word_1_176' title='bbox 1926 2409 2176 2491; x_wconf 90' lang='lat' dir='ltr'>aliquot</span> <span class='ocrx_word' id='word_1_177' title='bbox 2216 2410 2353 2473; x_wconf 89' lang='lat' dir='ltr'>dies</span> <span class='ocrx_word' id='word_1_178' title='bbox 2392 2428 2606 2491; x_wconf 88' lang='lat' dir='ltr'>neque</span> 
     </span>
     <span class='ocr_line' id='line_1_23' title="bbox 507 2512 1949 2595; baseline -0.001 -21"><span class='ocrx_word' id='word_1_179' title='bbox 507 2513 796 2589; x_wconf 59' lang='lat' dir='ltr'>lacessiti,</span> <span class='ocrx_word' id='word_1_180' title='bbox 822 2533 1031 2595; x_wconf 91' lang='lat' dir='ltr'>neque</span> <span class='ocrx_word' id='word_1_181' title='bbox 1068 2512 1454 2575; x_wconf 86' lang='lat' dir='ltr'>lacessentes</span> <span class='ocrx_word' id='word_1_182' title='bbox 1488 2528 1627 2572; x_wconf 88' lang='lat' dir='ltr'>sese</span> <span class='ocrx_word' id='word_1_183' title='bbox 1664 2515 1949 2573; x_wconf 92' lang='lat' dir='ltr'>tenuere.</span> 
     </span>
     <span class='ocr_line' id='line_1_24' title="bbox 439 2611 2607 2692; baseline -0 -16"><span class='ocrx_word' id='word_1_184' title='bbox 439 2642 469 2683; x_wconf 86' lang='lat'><strong>5</strong></span> <span class='ocrx_word' id='word_1_185' title='bbox 554 2628 566 2641; x_wconf 89' lang='lat'><strong>·</strong></span> <span class='ocrx_word' id='word_1_186' title='bbox 632 2616 847 2676; x_wconf 91' lang='lat' dir='ltr'>Pavor</span> <span class='ocrx_word' id='word_1_187' title='bbox 878 2614 1102 2692; x_wconf 87' lang='lat' dir='ltr'>ingens</span> <span class='ocrx_word' id='word_1_188' title='bbox 1135 2612 1204 2675; x_wconf 91' lang='lat' dir='ltr'>in</span> <span class='ocrx_word' id='word_1_189' title='bbox 1234 2611 1416 2687; x_wconf 89' lang='lat' dir='ltr'>urbe,</span> <span class='ocrx_word' id='word_1_190' title='bbox 1454 2616 1767 2689; x_wconf 92' lang='lat' dir='ltr'>metuque</span> <span class='ocrx_word' id='word_1_191' title='bbox 1802 2616 2034 2674; x_wconf 90' lang='lat' dir='ltr'>mutuo</span> <span class='ocrx_word' id='word_1_192' title='bbox 2068 2630 2384 2690; x_wconf 89' lang='lat' dir='ltr'>suspensa</span> <span class='ocrx_word' id='word_1_193' title='bbox 2416 2616 2607 2675; x_wconf 87' lang='lat' dir='ltr'>erant</span> 
     </span>
    </p>
   </div>
   <div class='ocr_carea' id='block_1_3' title="bbox 506 2827 1509 3082">
    <p class='ocr_par' dir='ltr' id='par_1_3' title="bbox 506 2827 1509 3082">
     <span class='ocr_line' id='line_1_25' title="bbox 506 2827 1509 2877; baseline -0.007 0"><span class='ocrx_word' id='word_1_194' title='bbox 506 2832 732 2877; x_wconf 86' lang='lat' dir='ltr'><strong>XXXII.</strong></span> <span class='ocrx_word' id='word_1_195' title='bbox 783 2832 1035 2876; x_wconf 87' lang='lat' dir='ltr'><strong>XXXIII.</strong></span> <span class='ocrx_word' id='word_1_196' title='bbox 1089 2834 1130 2876; x_wconf 90' lang='lat'>1.</span> <span class='ocrx_word' id='word_1_197' title='bbox 1181 2833 1224 2875; x_wconf 90' lang='lat'>2.</span> <span class='ocrx_word' id='word_1_198' title='bbox 1306 2827 1509 2873; x_wconf 77' lang='lat' dir='ltr'><strong>FIRST</strong></span> 
     </span>
     <span class='ocr_line' id='line_1_26' title="bbox 568 2896 1505 2945; baseline -0.003 -1"><span class='ocrx_word' id='word_1_199' title='bbox 568 2896 936 2945; x_wconf 77' lang='lat' dir='ltr'><strong><em>SECESSION</em></strong></span> <span class='ocrx_word' id='word_1_200' title='bbox 973 2901 1058 2945; x_wconf 78' lang='lat' dir='ltr'>OF</span> <span class='ocrx_word' id='word_1_201' title='bbox 1101 2901 1237 2943; x_wconf 84' lang='lat' dir='ltr'>THE</span> <span class='ocrx_word' id='word_1_202' title='bbox 1275 2898 1505 2942; x_wconf 87' lang='lat' dir='ltr'><strong>PLEBS.</strong></span> 
     </span>
     <span class='ocr_line' id='line_1_27' title="bbox 574 2968 1508 3014; baseline 0 -3"><span class='ocrx_word' id='word_1_203' title='bbox 574 2969 710 3012; x_wconf 78' lang='lat' dir='ltr'>THE</span> <span class='ocrx_word' id='word_1_204' title='bbox 747 2970 971 3014; x_wconf 85' lang='lat' dir='ltr'>FABLE&#39;</span> <span class='ocrx_word' id='word_1_205' title='bbox 1010 2969 1095 3014; x_wconf 80' lang='lat' dir='ltr'>OF</span> <span class='ocrx_word' id='word_1_206' title='bbox 1134 2968 1508 3012; x_wconf 84' lang='lat' dir='ltr'><strong>MENENIUS</strong></span> 
     </span>
     <span class='ocr_line' id='line_1_28' title="bbox 570 3033 1489 3082; baseline 0.004 -2"><span class='ocrx_word' id='word_1_207' title='bbox 570 3038 884 3082; x_wconf 79' lang='lat' dir='ltr'><strong>AGRIPPA.</strong></span> <span class='ocrx_word' id='word_1_208' title='bbox 1474 3033 1489 3043; x_wconf 62' lang='lat'><em>⁶</em></span> 
     </span>
    </p>
   </div>
   <div class='ocr_carea' id='block_1_4' title="bbox 506 3139 1510 3894">
    <p class='ocr_par' dir='ltr' id='par_1_4' title="bbox 506 3139 1508 3741">
     <span class='ocr_line' id='line_1_29' title="bbox 580 3139 1508 3203; baseline -0.003 -10"><span class='ocrx_word' id='word_1_209' title='bbox 580 3141 712 3194; x_wconf 84' lang='lat' dir='ltr'>War</span> <span class='ocrx_word' id='word_1_210' title='bbox 756 3141 883 3193; x_wconf 79' lang='lat' dir='ltr'>with</span> <span class='ocrx_word' id='word_1_211' title='bbox 926 3140 1009 3192; x_wconf 84' lang='lat' dir='ltr'>the</span> <span class='ocrx_word' id='word_1_212' title='bbox 1058 3139 1356 3203; x_wconf 67' lang='lat' dir='ltr'>VolscianS,</span> <span class='ocrx_word' id='word_1_213' title='bbox 1404 3139 1508 3191; x_wconf 85' lang='lat' dir='ltr'>Sa-</span> 
     </span>
     <span class='ocr_line' id='line_1_30' title="bbox 507 3205 1508 3272; baseline -0.002 -12"><span class='ocrx_word' id='word_1_214' title='bbox 507 3207 672 3272; x_wconf 66' lang='lat' dir='ltr'>bineS,</span> <span class='ocrx_word' id='word_1_215' title='bbox 719 3207 1048 3271; x_wconf 69' lang='lat' dir='ltr'>Arum-iane,</span> <span class='ocrx_word' id='word_1_216' title='bbox 1075 3206 1185 3257; x_wconf 85' lang='lat' dir='ltr'>and</span> <span class='ocrx_word' id='word_1_217' title='bbox 1229 3205 1508 3271; x_wconf 72' lang='lat' dir='ltr'>Aequians</span> 
     </span>
     <span class='ocr_line' id='line_1_31' title="bbox 506 3273 1504 3337; baseline -0.003 -10"><span class='ocrx_word' id='word_1_218' title='bbox 506 3275 793 3327; x_wconf 85' lang='lat' dir='ltr'>alternated</span> <span class='ocrx_word' id='word_1_219' title='bbox 833 3273 959 3326; x_wconf 71' lang='lat' dir='ltr'>with</span> <span class='ocrx_word' id='word_1_220' title='bbox 998 3273 1123 3325; x_wconf 79' lang='lat' dir='ltr'>civil</span> <span class='ocrx_word' id='word_1_221' title='bbox 1156 3273 1504 3337; x_wconf 64' lang='lat' dir='ltr'>dissensione,</span> 
     </span>
     <span class='ocr_line' id='line_1_32' title="bbox 506 3340 1507 3408; baseline -0.001 -14"><span class='ocrx_word' id='word_1_222' title='bbox 506 3359 570 3394; x_wconf 79' lang='lat' dir='ltr'>as</span> <span class='ocrx_word' id='word_1_223' title='bbox 625 3340 707 3393; x_wconf 79' lang='lat' dir='ltr'>the</span> <span class='ocrx_word' id='word_1_224' title='bbox 763 3341 907 3408; x_wconf 80' lang='lat' dir='ltr'>plebs</span> <span class='ocrx_word' id='word_1_225' title='bbox 964 3341 1167 3392; x_wconf 80' lang='lat' dir='ltr'>became</span> <span class='ocrx_word' id='word_1_226' title='bbox 1222 3355 1364 3392; x_wconf 87' lang='lat' dir='ltr'>more</span> <span class='ocrx_word' id='word_1_227' title='bbox 1420 3341 1507 3393; x_wconf 84' lang='lat' dir='ltr'>in-</span> 
     </span>
     <span class='ocr_line' id='line_1_33' title="bbox 508 3407 1508 3474; baseline -0.003 -13"><span class='ocrx_word' id='word_1_228' title='bbox 508 3410 763 3461; x_wconf 64' lang='lat' dir='ltr'>sictentu</span> <span class='ocrx_word' id='word_1_229' title='bbox 835 3407 1377 3474; x_wconf 74' lang='lat' dir='ltr'>nhavinytheirwr</span> <span class='ocrx_word' id='word_1_230' title='bbox 1480 3425 1508 3459; x_wconf 78' lang='lat' dir='ltr'>s</span> 
     </span>
     <span class='ocr_line' id='line_1_34' title="bbox 506 3474 1447 3541; baseline 0 -15"><span class='ocrx_word' id='word_1_231' title='bbox 506 3477 708 3528; x_wconf 82' lang='lat' dir='ltr'>redress</span> <span class='ocrx_word' id='word_1_232' title='bbox 776 3517 786 3528; x_wconf 92' lang='lat'><strong>.</strong></span> <span class='ocrx_word' id='word_1_233' title='bbox 846 3475 1071 3541; x_wconf 78' lang='lat' dir='ltr'>Finally</span> <span class='ocrx_word' id='word_1_234' title='bbox 1089 3474 1172 3527; x_wconf 81' lang='lat' dir='ltr'>the</span> <span class='ocrx_word' id='word_1_235' title='bbox 1193 3474 1337 3541; x_wconf 80' lang='lat' dir='ltr'>plebs</span> <span class='ocrx_word' id='word_1_236' title='bbox 1358 3475 1447 3527; x_wconf 82' lang='lat' dir='ltr'>wit</span> 
     </span>
     <span class='ocr_line' id='line_1_35' title="bbox 506 3541 1508 3608; baseline -0.001 -14"><span class='ocrx_word' id='word_1_237' title='bbox 506 3543 647 3594; x_wconf 84' lang='lat' dir='ltr'>drew</span> <span class='ocrx_word' id='word_1_238' title='bbox 696 3544 834 3608; x_wconf 75' lang='lat' dir='ltr'>from</span> <span class='ocrx_word' id='word_1_239' title='bbox 884 3542 968 3594; x_wconf 84' lang='lat' dir='ltr'>the</span> <span class='ocrx_word' id='word_1_240' title='bbox 1017 3543 1139 3608; x_wconf 76' lang='lat' dir='ltr'>city,</span> <span class='ocrx_word' id='word_1_241' title='bbox 1193 3541 1335 3593; x_wconf 77' lang='lat' dir='ltr'>until</span> <span class='ocrx_word' id='word_1_242' title='bbox 1385 3558 1508 3593; x_wconf 82' lang='lat' dir='ltr'>con-</span> 
     </span>
     <span class='ocr_line' id='line_1_36' title="bbox 507 3609 1508 3675; baseline -0.002 -13"><span class='ocrx_word' id='word_1_243' title='bbox 507 3610 738 3662; x_wconf 67' lang='lat' dir='ltr'>cessione</span> <span class='ocrx_word' id='word_1_244' title='bbox 776 3625 905 3662; x_wconf 83' lang='lat' dir='ltr'>were</span> <span class='ocrx_word' id='word_1_245' title='bbox 942 3609 1096 3660; x_wconf 86' lang='lat' dir='ltr'>made</span> <span class='ocrx_word' id='word_1_246' title='bbox 1133 3615 1185 3660; x_wconf 83' lang='lat' dir='ltr'>to</span> <span class='ocrx_word' id='word_1_247' title='bbox 1222 3609 1508 3675; x_wconf 74' lang='lat' dir='ltr'>safequard</span> 
     </span>
     <span class='ocr_line' id='line_1_37' title="bbox 506 3675 855 3741; baseline 0.003 -13"><span class='ocrx_word' id='word_1_248' title='bbox 506 3676 644 3728; x_wconf 78' lang='lat' dir='ltr'>their</span> <span class='ocrx_word' id='word_1_249' title='bbox 674 3675 855 3741; x_wconf 72' lang='lat' dir='ltr'>riqms.</span> 
     </span>
    </p>

    <p class='ocr_par' dir='ltr' id='par_1_5' title="bbox 509 3774 1510 3894">
     <span class='ocr_line' id='line_1_38' title="bbox 572 3774 1510 3818; baseline 0.001 -2"><span class='ocrx_word' id='word_1_250' title='bbox 572 3774 881 3817; x_wconf 85' lang='lat' dir='ltr'><strong>XXX11.1.</strong></span> <span class='ocrx_word' id='word_1_251' title='bbox 915 3774 1274 3818; x_wconf 76' lang='lat' dir='ltr'>dictatorem:</span> <span class='ocrx_word' id='word_1_252' title='bbox 1337 3784 1368 3817; x_wconf 83' lang='lat' dir='ltr'>a</span> <span class='ocrx_word' id='word_1_253' title='bbox 1428 3784 1510 3817; x_wconf 84' lang='lat' dir='ltr'>su-</span> 
     </span>
     <span class='ocr_line' id='line_1_39' title="bbox 509 3840 1510 3894; baseline 0.004 -11"><span class='ocrx_word' id='word_1_254' title='bbox 509 3852 674 3893; x_wconf 80' lang='lat' dir='ltr'>preme</span> <span class='ocrx_word' id='word_1_255' title='bbox 717 3841 1032 3884; x_wconf 88' lang='lat' dir='ltr'>commander</span> <span class='ocrx_word' id='word_1_256' title='bbox 1064 3840 1335 3894; x_wconf 84' lang='lat' dir='ltr'>appointed</span> <span class='ocrx_word' id='word_1_257' title='bbox 1379 3842 1432 3885; x_wconf 81' lang='lat' dir='ltr'>in</span> <span class='ocrx_word' id='word_1_258' title='bbox 1476 3854 1510 3888; x_wconf 89' lang='lat' dir='ltr'>a</span> 
     </span>
    </p>
   </div>
   <div class='ocr_carea' id='block_1_5' title="bbox 1604 2827 2612 3889">
    <p class='ocr_par' dir='ltr' id='par_1_6' title="bbox 1604 2827 2612 3286">
     <span class='ocr_line' id='line_1_40' title="bbox 1606 2827 2612 2885; baseline 0.005 -15"><span class='ocrx_word' id='word_1_259' title='bbox 1606 2828 1742 2873; x_wconf 85' lang='lat' dir='ltr'>crisis</span> <span class='ocrx_word' id='word_1_260' title='bbox 1769 2831 1825 2872; x_wconf 92' lang='lat' dir='ltr'>to</span> <span class='ocrx_word' id='word_1_261' title='bbox 1852 2827 1999 2873; x_wconf 81' lang='lat' dir='ltr'>avoid</span> <span class='ocrx_word' id='word_1_262' title='bbox 2022 2829 2209 2881; x_wconf 81' lang='lat' dir='ltr'>having</span> <span class='ocrx_word' id='word_1_263' title='bbox 2233 2831 2321 2876; x_wconf 90' lang='lat' dir='ltr'>the</span> <span class='ocrx_word' id='word_1_264' title='bbox 2352 2831 2612 2885; x_wconf 80' lang='lat' dir='ltr'>authority</span> 
     </span>
     <span class='ocr_line' id='line_1_41' title="bbox 1606 2898 2608 2945; baseline 0.003 -5"><span class='ocrx_word' id='word_1_265' title='bbox 1606 2898 1808 2942; x_wconf 85' lang='lat' dir='ltr'>divided</span> <span class='ocrx_word' id='word_1_266' title='bbox 1850 2899 2072 2943; x_wconf 89' lang='lat' dir='ltr'>between</span> <span class='ocrx_word' id='word_1_267' title='bbox 2111 2901 2211 2941; x_wconf 89' lang='lat' dir='ltr'>two</span> <span class='ocrx_word' id='word_1_268' title='bbox 2249 2898 2460 2942; x_wconf 58' lang='lat' dir='ltr'>consul&amp;</span> <span class='ocrx_word' id='word_1_269' title='bbox 2532 2898 2608 2945; x_wconf 73' lang='lat' dir='ltr'>Cf.</span> 
     </span>
     <span class='ocr_line' id='line_1_42' title="bbox 1606 2963 2608 3012; baseline 0.004 -7"><span class='ocrx_word' id='word_1_270' title='bbox 1606 2965 1650 3006; x_wconf 88' lang='lat'>3.</span> <span class='ocrx_word' id='word_1_271' title='bbox 1676 2964 1753 3007; x_wconf 83' lang='lat'>26.</span> <span class='ocrx_word' id='word_1_272' title='bbox 1777 2965 1828 3012; x_wconf 71' lang='lat' dir='ltr'>oz</span> <span class='ocrx_word' id='word_1_273' title='bbox 1866 2966 1913 3008; x_wconf 86' lang='lat'>5.</span> <span class='ocrx_word' id='word_1_274' title='bbox 1938 2966 2015 3009; x_wconf 82' lang='lat'>46.</span> <span class='ocrx_word' id='word_1_275' title='bbox 2044 2966 2117 3009; x_wconf 92' lang='lat'>10.</span> <span class='ocrx_word' id='word_1_276' title='bbox 2183 2963 2413 3009; x_wconf 67' lang='lat' dir='ltr'>habitus</span> <span class='ocrx_word' id='word_1_277' title='bbox 2436 2965 2608 3010; x_wconf 71' lang='lat' dir='ltr'>met:</span> 
     </span>
     <span class='ocr_line' id='line_1_43' title="bbox 1606 3031 2610 3084; baseline 0.002 -10"><span class='ocrx_word' id='word_1_278' title='bbox 1606 3031 1693 3074; x_wconf 91' lang='lat' dir='ltr'>the</span> <span class='ocrx_word' id='word_1_279' title='bbox 1727 3031 2047 3083; x_wconf 84' lang='lat' dir='ltr'>subjunctive</span> <span class='ocrx_word' id='word_1_280' title='bbox 2081 3032 2203 3075; x_wconf 86' lang='lat' dir='ltr'>with</span> <span class='ocrx_word' id='word_1_281' title='bbox 2245 3042 2531 3084; x_wconf 75' lang='lat' dir='ltr'>quamquam</span> <span class='ocrx_word' id='word_1_282' title='bbox 2565 3033 2610 3076; x_wconf 86' lang='lat' dir='ltr'>is</span> 
     </span>
     <span class='ocr_line' id='line_1_44' title="bbox 1606 3099 2612 3144; baseline 0.004 -4"><span class='ocrx_word' id='word_1_283' title='bbox 1606 3109 1741 3141; x_wconf 91' lang='lat' dir='ltr'>more</span> <span class='ocrx_word' id='word_1_284' title='bbox 1776 3109 2006 3143; x_wconf 89' lang='lat' dir='ltr'>common</span> <span class='ocrx_word' id='word_1_285' title='bbox 2040 3100 2093 3143; x_wconf 88' lang='lat' dir='ltr'>in</span> <span class='ocrx_word' id='word_1_286' title='bbox 2125 3100 2253 3144; x_wconf 87' lang='lat' dir='ltr'>later</span> <span class='ocrx_word' id='word_1_287' title='bbox 2288 3100 2491 3144; x_wconf 76' lang='lat' dir='ltr'>writers,</span> <span class='ocrx_word' id='word_1_288' title='bbox 2546 3099 2612 3144; x_wconf 77' lang='lat' dir='ltr'>in</span> 
     </span>
     <span class='ocr_line' id='line_1_45' title="bbox 1605 3166 2609 3218; baseline 0.002 -9"><span class='ocrx_word' id='word_1_289' title='bbox 1605 3166 1800 3210; x_wconf 76' lang='lat' dir='ltr'>verba:</span> <span class='ocrx_word' id='word_1_290' title='bbox 1829 3167 1931 3210; x_wconf 85' lang='lat' dir='ltr'>-the</span> <span class='ocrx_word' id='word_1_291' title='bbox 1967 3167 2089 3211; x_wconf 88' lang='lat' dir='ltr'>oath</span> <span class='ocrx_word' id='word_1_292' title='bbox 2118 3177 2218 3210; x_wconf 84' lang='lat' dir='ltr'>was</span> <span class='ocrx_word' id='word_1_293' title='bbox 2243 3167 2479 3218; x_wconf 86' lang='lat' dir='ltr'>dictated‚</span> <span class='ocrx_word' id='word_1_294' title='bbox 2508 3167 2609 3212; x_wconf 85' lang='lat' dir='ltr'>and</span> 
     </span>
     <span class='ocr_line' id='line_1_46' title="bbox 1604 3233 2530 3286; baseline 0.002 -10"><span class='ocrx_word' id='word_1_295' title='bbox 1604 3233 1838 3286; x_wconf 81' lang='lat' dir='ltr'>repeated</span> <span class='ocrx_word' id='word_1_296' title='bbox 1864 3234 2087 3277; x_wconf 73' lang='lat' dir='ltr'>verbatim</span> <span class='ocrx_word' id='word_1_297' title='bbox 2112 3234 2181 3286; x_wconf 85' lang='lat' dir='ltr'>by</span> <span class='ocrx_word' id='word_1_298' title='bbox 2205 3234 2291 3278; x_wconf 89' lang='lat' dir='ltr'>the</span> <span class='ocrx_word' id='word_1_299' title='bbox 2314 3234 2530 3279; x_wconf 75' lang='lat' dir='ltr'>soldierS.</span> 
     </span>
    </p>

    <p class='ocr_par' dir='ltr' id='par_1_7' title="bbox 1606 3303 2610 3482">
     <span class='ocr_line' id='line_1_47' title="bbox 1668 3303 2610 3348; baseline 0.003 -4"><span class='ocrx_word' id='word_1_300' title='bbox 1668 3303 1718 3344; x_wconf 78' lang='lat'>2.</span> <span class='ocrx_word' id='word_1_301' title='bbox 1756 3304 1986 3347; x_wconf 76' lang='lat' dir='ltr'>sacrum</span> <span class='ocrx_word' id='word_1_302' title='bbox 2011 3303 2295 3346; x_wconf 75' lang='lat' dir='ltr'>montemz</span> <span class='ocrx_word' id='word_1_303' title='bbox 2320 3303 2506 3346; x_wconf 82' lang='lat' dir='ltr'>asmall</span> <span class='ocrx_word' id='word_1_304' title='bbox 2522 3303 2610 3348; x_wconf 80' lang='lat' dir='ltr'>hill</span> 
     </span>
     <span class='ocr_line' id='line_1_48' title="bbox 1606 3369 2609 3422; baseline 0.003 -10"><span class='ocrx_word' id='word_1_305' title='bbox 1606 3373 1664 3412; x_wconf 91' lang='lat' dir='ltr'>to</span> <span class='ocrx_word' id='word_1_306' title='bbox 1702 3370 1765 3413; x_wconf 92' lang='lat' dir='ltr'>be</span> <span class='ocrx_word' id='word_1_307' title='bbox 1807 3380 1920 3412; x_wconf 88' lang='lat' dir='ltr'>seen</span> <span class='ocrx_word' id='word_1_308' title='bbox 1955 3369 2133 3422; x_wconf 85' lang='lat' dir='ltr'>to-day</span> <span class='ocrx_word' id='word_1_309' title='bbox 2167 3379 2284 3413; x_wconf 87' lang='lat' dir='ltr'>near</span> <span class='ocrx_word' id='word_1_310' title='bbox 2316 3370 2477 3415; x_wconf 88' lang='lat' dir='ltr'>where</span> <span class='ocrx_word' id='word_1_311' title='bbox 2520 3371 2609 3415; x_wconf 87' lang='lat' dir='ltr'>the</span> 
     </span>
     <span class='ocr_line' id='line_1_49' title="bbox 1607 3437 2559 3482; baseline 0.001 -1"><span class='ocrx_word' id='word_1_312' title='bbox 1607 3438 1698 3481; x_wconf 90' lang='lat' dir='ltr'>Via</span> <span class='ocrx_word' id='word_1_313' title='bbox 1734 3437 2048 3481; x_wconf 85' lang='lat' dir='ltr'>Nomentana</span> <span class='ocrx_word' id='word_1_314' title='bbox 2081 3448 2265 3482; x_wconf 87' lang='lat' dir='ltr'>crosses</span> <span class='ocrx_word' id='word_1_315' title='bbox 2297 3437 2384 3482; x_wconf 90' lang='lat' dir='ltr'>the</span> <span class='ocrx_word' id='word_1_316' title='bbox 2419 3439 2559 3482; x_wconf 87' lang='lat' dir='ltr'>Anio.</span> 
     </span>
    </p>

    <p class='ocr_par' dir='ltr' id='par_1_8' title="bbox 1605 3505 2612 3889">
     <span class='ocr_line' id='line_1_50' title="bbox 1668 3505 2608 3557; baseline 0 -8"><span class='ocrx_word' id='word_1_317' title='bbox 1668 3507 1717 3549; x_wconf 71' lang='lat'>8.</span> <span class='ocrx_word' id='word_1_318' title='bbox 1751 3505 2124 3557; x_wconf 67' lang='lat' dir='ltr'>frequentior:</span> <span class='ocrx_word' id='word_1_319' title='bbox 2179 3517 2258 3549; x_wconf 86' lang='lat' dir='ltr'>see</span> <span class='ocrx_word' id='word_1_320' title='bbox 2312 3516 2378 3548; x_wconf 92' lang='lat' dir='ltr'>on</span> <span class='ocrx_word' id='word_1_321' title='bbox 2432 3506 2608 3557; x_wconf 66' lang='lat' dir='ltr'>plures,</span> 
     </span>
     <span class='ocr_line' id='line_1_51' title="bbox 1610 3572 2609 3625; baseline 0 -9"><span class='ocrx_word' id='word_1_322' title='bbox 1610 3575 1650 3616; x_wconf 94' lang='lat'>1.</span> <span class='ocrx_word' id='word_1_323' title='bbox 1682 3575 1757 3616; x_wconf 85' lang='lat'>24.</span> <span class='ocrx_word' id='word_1_324' title='bbox 1795 3576 1834 3616; x_wconf 92' lang='grc'>1.</span> <span class='ocrx_word' id='word_1_325' title='bbox 1897 3572 2044 3618; x_wconf 67' lang='lat' dir='ltr'>Pho:</span> <span class='ocrx_word' id='word_1_326' title='bbox 2075 3573 2128 3616; x_wconf 92' lang='lat' dir='ltr'>L.</span> <span class='ocrx_word' id='word_1_327' title='bbox 2160 3572 2452 3625; x_wconf 87' lang='lat' dir='ltr'>Calpurnius</span> <span class='ocrx_word' id='word_1_328' title='bbox 2480 3573 2609 3624; x_wconf 82' lang='lat' dir='ltr'>Piso.</span> 
     </span>
     <span class='ocr_line' id='line_1_52' title="bbox 1607 3640 2611 3694; baseline 0 -8"><span class='ocrx_word' id='word_1_329' title='bbox 1607 3642 1776 3686; x_wconf 86' lang='lat' dir='ltr'>consul</span> <span class='ocrx_word' id='word_1_330' title='bbox 1808 3642 1895 3683; x_wconf 86' lang='lat'>133</span> <span class='ocrx_word' id='word_1_331' title='bbox 1923 3652 1971 3683; x_wconf 84' lang='lat' dir='ltr'>B.</span> <span class='ocrx_word' id='word_1_332' title='bbox 2001 3651 2062 3690; x_wconf 86' lang='lat' dir='ltr'>c..</span> <span class='ocrx_word' id='word_1_333' title='bbox 2092 3640 2274 3683; x_wconf 87' lang='lat' dir='ltr'>author</span> <span class='ocrx_word' id='word_1_334' title='bbox 2299 3640 2353 3683; x_wconf 81' lang='lat' dir='ltr'>ot</span> <span class='ocrx_word' id='word_1_335' title='bbox 2378 3643 2611 3694; x_wconf 47' lang='lat' dir='ltr'>Annalem</span> 
     </span>
     <span class='ocr_line' id='line_1_53' title="bbox 1605 3708 2611 3759; baseline 0 -8"><span class='ocrx_word' id='word_1_336' title='bbox 1605 3718 1636 3751; x_wconf 84' lang='lat' dir='ltr'>a</span> <span class='ocrx_word' id='word_1_337' title='bbox 1666 3709 1857 3759; x_wconf 80' lang='lat' dir='ltr'>history</span> <span class='ocrx_word' id='word_1_338' title='bbox 1887 3709 1940 3750; x_wconf 79' lang='lat' dir='ltr'>of</span> <span class='ocrx_word' id='word_1_339' title='bbox 1970 3708 2130 3751; x_wconf 89' lang='lat' dir='ltr'>Rome</span> <span class='ocrx_word' id='word_1_340' title='bbox 2160 3708 2287 3751; x_wconf 79' lang='lat' dir='ltr'>from</span> <span class='ocrx_word' id='word_1_341' title='bbox 2317 3710 2384 3753; x_wconf 82' lang='lat' dir='ltr'>its</span> <span class='ocrx_word' id='word_1_342' title='bbox 2415 3708 2611 3752; x_wconf 81' lang='lat' dir='ltr'>earliest</span> 
     </span>
     <span class='ocr_line' id='line_1_54' title="bbox 1605 3773 2612 3829; baseline 0.001 -11"><span class='ocrx_word' id='word_1_343' title='bbox 1605 3773 1773 3827; x_wconf 86' lang='lat' dir='ltr'>period</span> <span class='ocrx_word' id='word_1_344' title='bbox 1803 3774 1948 3818; x_wconf 89' lang='lat' dir='ltr'>down</span> <span class='ocrx_word' id='word_1_345' title='bbox 1990 3777 2045 3818; x_wconf 86' lang='lat' dir='ltr'>to</span> <span class='ocrx_word' id='word_1_346' title='bbox 2084 3774 2161 3818; x_wconf 86' lang='lat' dir='ltr'>his</span> <span class='ocrx_word' id='word_1_347' title='bbox 2196 3785 2307 3820; x_wconf 89' lang='lat' dir='ltr'>own</span> <span class='ocrx_word' id='word_1_348' title='bbox 2335 3774 2452 3829; x_wconf 80' lang='lat' dir='ltr'>day.</span> <span class='ocrx_word' id='word_1_349' title='bbox 2519 3778 2612 3824; x_wconf 86' lang='lat' dir='ltr'>See</span> 
     </span>
     <span class='ocr_line' id='line_1_55' title="bbox 1606 3844 1923 3889; baseline -0.006 0"><span class='ocrx_word' id='word_1_350' title='bbox 1606 3844 1797 3889; x_wconf 88' lang='lat' dir='ltr'>Introd.</span> <span class='ocrx_word' id='word_1_351' title='bbox 1825 3845 1923 3888; x_wconf 90' lang='grc' dir='ltr'><strong>ΙΙΙ.</strong></span> 
     </span>
    </p>
   </div>
  </div>
 </body>
</html>
