2975 4367
547 288 658 348 :1021
1458 286 1524 349 Τ.
1560 288 1720 350 LIVI
2006 280 2013 285 ’
2375 287 2572 358 [xlviii.
2615 291 2650 347 3

547 477 717 540 Cum
759 477 917 539 haec
958 473 1349 540 intonuisset
1390 474 1620 557 plenus
1660 475 1812 552 irae,
1843 473 2199 539 multitudo
2240 474 2383 554 ipsa
2421 496 2489 539 se
2529 495 2651 539 sua

549 584 787 657 sponte
820 575 1119 652 dimovit,
1155 575 1543 656 desertaque
1575 575 1819 656 praeda
1850 575 2121 638 iniuriae
2153 574 2370 655 puella
2400 576 2644 639 stabat.

488 691 518 732 4
551 677 721 739 Tum
766 675 1125 755 Verginiu8‚
1165 676 1278 738 ubi
1322 675 1480 738 nihil
1526 696 1805 756 usquam
1852 674 2074 739 auxilii
2119 674 2306 751 vidit,
2343 675 2645 755 ‘quaeso'

553 777 788 857 inquit,
859 775 1082 855 ‘Appi,
1151 776 1436 855 primum
1502 776 1759 855 ignosce
1824 775 2039 856 patrio
2104 774 2330 851 dolori,
2399 776 2452 839 si
2517 796 2651 856 quo

553 876 1005 940 inclementius
1043 876 1111 938 in
1149 882 1217 938 te
1252 896 1399 939 sum
1438 876 1738 938 invectus
1748 896 1764 953 ;
1803 875 2038 937 deinde
2075 875 2249 938 sinas
2288 876 2390 938 hic
2431 879 2649 939 coram

556 977 801 1056 virgine
839 976 1160 1038 nutricem
1199 976 1586 1056 percontari,
1628 974 1784 1056 quid
1824 976 1945 1039 hoc
1984 975 2075 1038 rei
2111 976 2217 1052 sit,
2258 983 2355 1051 ut,
2395 976 2449 1038 si
2486 974 2651 1039 falso
2705 978 2712 989 '

490 1092 519 1135 5
553 1083 742 1157 pater
779 1075 996 1139 dictus
1034 1097 1200 1152 sum,
1229 1076 1531 1156 aequiore
1569 1075 1718 1139 hinc
1760 1076 1978 1139 animo
2016 1075 2388 1139 discedam!
2475 1078 2654 1138 Data

555 1177 747 1240 venia
806 1176 1058 1240 seducit
1121 1176 1320 1239 filiam
1384 1197 1459 1240 ac
1520 1177 1841 1240 nutricem
1903 1195 2106 1256 prope
2165 1175 2505 1239 Cloacinae
2567 1174 2650 1238 ad

554 1277 881 1353 tabernae,
940 1276 1188 1357 quibus·
1232 1298 1404 1340 nunc
1458 1277 1646 1340 novis
1699 1283 1799 1339 est
1852 1297 2110 1352 nomen,
2168 1283 2369 1357 atque
2422 1276 2512 1338 ibi
2567 1275 2654 1338 ab

555 1376 728 1439 lanio
766 1376 975 1441 cultro
1014 1383 1273 1457 arrepto
1310 1377 1463 1440 ‘hoc
1501 1384 1569 1440 te
1602 1397 1734 1439 uno
1771 1397 1901 1457 quo
1937 1376 2231 1457 possum'
2272 1377 2365 1439 ait
2402 1375 2650 1451 ‘mod0,

555 1475 705 1553 filia,
739 1476 807 1538 in
839 1476 1209 1539 libertatem
1235 1476 1537 1539 vindico.'
1629 1478 1866 1540 Pectus
1896 1476 2131 1539 deinde
2161 1475 2413 1556 puellae
2442 1482 2656 1538 trans-

555 1576 714 1656 figit,
740 1583 1244 1657 respectansque
1284 1577 1367 1640 ad
1427 1576 1716 1639 tribunal
1752 1576 1878 1639 ‘te'
1916 1576 2150 1657 inquit,
2180 1574 2394 1656 ‘Appi‚
2431 1582 2653 1639 tuum-

555 1696 681 1757 que
722 1684 923 1756 caput
962 1677 1276 1756 sanguine
1315 1677 1437 1740 hoc
1479 1676 1822 1740 consecro!

489 1792 520 1834 o
678 1775 973 1839 Clamore
1026 1777 1108 1840 ad
1161 1781 1301 1840 tam
1355 1784 1548 1840 atrox
1598 1776 1849 1840 facinus
1901 1783 2046 1840 orto
2097 1777 2350 1840 excitus
2402 1776 2656 1856 Appius

554 1876 932 1956 comprendi
962 1877 1339 1956 Verginium
1374 1876 1578 1940 iubet.
1668 1876 1784 1939 Ille
1834 1876 2002 1939 ferro
2052 1896 2465 1957 quacumque
2513 1876 2656 1938 ibat

556 1976 758 2038 viam·
797 1976 1027 2053 facere,
1095 1976 1299 2040 donec
1367 1976 1790 2039 multitudine
1853 1977 2056 2039 etiam
2120 1975 2653 2056 prosequentium

491 2093 520 2136 7
555 2082 784 2138 tuente
877 2076 959 2139 ad
1054 2083 1316 2156 portam
1408 2077 1712 2156 perrexit.
1805 2076 2024 2139 Icilius
2119 2067 2657 2155 Numitoriusque

554 2177 881 2255 efisangue
955 2197 1189 2256 corpus
1261 2176 1597 2239 sublatum
1671 2182 2012 2239 ostentant
2085 2174 2328 2256 populo
2338 2195 2355 2252 ;
2448 2173 2656 2238 scelus

556 2275 747 2355 Appi,
824 2276 1077 2356 puellae
1149 2276 1471 2338 infelicem
1546 2275 1846 2351 formam,
1921 2275 2377 2339 necessitatem
2450 2274 2657 2355 patris

554 2374 918 2454 deplorant.

493 2494 515 2534 1
680 2474 928 2537 XLIX.
960 2476 1344 2539 Concitatur
1360 2475 1719 2539 multitudo
1741 2477 1983 2556 partim
2009 2476 2357 2539 atrocitate
2379 2475 2653 2551 sceleris,

489 2593 519 2634 2
554 2574 795 2654 partim
834 2595 949 2655 spe
977 2596 1092 2655 per
1118 2577 1523 2639 occasionem
1553 2576 1944 2656 repetendae
1971 2576 2313 2639 libertatis.
2397 2575 2651 2656 Appius

553 2695 726 2738 nunc
799 2676 1019 2738 vocari
1089 2675 1364 2752 Icilium,
1436 2696 1611 2739 nunc
1680 2682 2151 2739 retractantem
2222 2675 2437 2755 arripi,
2509 2696 2658 2755 pos-

554 2781 784 2851 tremo,
847 2796 997 2838 cum
1055 2774 1234 2839 locus
1293 2775 1577 2839 adeundi
1636 2776 2119 2856 apparitoribus
2176 2797 2308 2838 non
2366 2775 2652 2852 daretur,

553 2875 690 2954 ipse
765 2894 915 2938 cum
991 2876 1247 2955 agmine
1320 2876 1744 2956 patriciorum
1817 2875 2130 2939 iuvenum
2203 2896 2319 2956 per
2391 2876 2657 2938 turbam

488 2993 520 3035 3
556 2974 802 3039 vadens
858 2975 926 3038 in
981 2974 1245 3039 vincula
1299 2976 1450 3039 duci
1506 2976 1707 3039 iubet.
1799 2977 1942 3039 Iam
2000 2976 2172 3040 circa
2228 2975 2484 3038 Icilium
2522 2996 2651 3038 non

552 3074 764 3139 solum
812 3073 1191 3153 multitudo,
1240 3076 1353 3140 sed
1402 3076 1600 3139 duces
1647 3096 1908 3156 quoque
1955 3075 2397 3139 multitudinis
2443 3081 2652 3151 erant,

616 3296 667 3339 4.
701 3302 837 3347 quo:
873 3293 962 3338 the
993 3293 1249 3338 indefinite
1282 3304 1338 3338 as
1371 3293 1470 3339 abl.
1507 3294 1559 3338 of
1719 3294 1769 3338 7.
1801 3293 2111 3340 infelicem:
2130 3294 2219 3338 her
2237 3293 2427 3347 beauty
2447 3305 2549 3338 was
2569 3305 2661 3338 un-

554 3372 777 3407 measure
805 3363 857 3406 of
886 3362 1168 3412 difference;
1204 3362 1297 3407 “in
1316 3373 1418 3415 any
1446 3373 1558 3415 way
1654 3362 1860 3415 happily
1886 3363 1973 3406 her
1996 3363 2231 3421 undoing.

554 3432 640 3475 too
669 3430 939 3483 severely.”
1620 3473 1625 3478 ,
1719 3428 1907 3473 XLIX.
1943 3430 1992 3473 1.
2025 3429 2267 3474 sceleris:
2324 3428 2411 3473 the
2467 3433 2549 3473 act
2607 3429 2661 3472 of

618 3498 667 3540 δ.
702 3505 871 3549 prope
907 3496 1221 3541 cloacinae:
1268 3507 1348 3540 sce
1394 3507 1460 3539 on
1514 3498 1556 3540 1.
1658 3497 1847 3548 Appius
1875 3496 1956 3546 (cf.
1980 3498 2056 3541 48.
2075 3497 2161 3547 7.).
2209 3497 2545 3549 repetendae
2557 3496 2660 3540 nb-

554 3565 631 3607 41.
669 3567 714 3607 4.
786 3563 903 3606 This
938 3563 1128 3615 epithet
1165 3563 1217 3606 ot
1254 3563 1432 3612 Venus,
1471 3563 1559 3606 the
1657 3563 1877 3607 ertatu:
1939 3564 2008 3615 by
2022 3563 2298 3614 abolishing
2311 3562 2399 3607 the
2410 3563 2658 3616 arbitrary

555 3631 849 3683 “purifying
875 3630 1019 3678 one.”
1048 3631 1089 3672 is
1116 3631 1242 3672 from
1272 3625 1335 3672 aii
1364 3630 1559 3673 archaic
1657 3630 1944 3674 decemvirs.

553 3697 703 3740 cluere
732 3715 774 3730 =
802 3707 1018 3748 purcare.
1104 3697 1289 3740 nom:
1340 3698 1390 3739 in
1443 3707 1559 3739 con·
1719 3699 1769 3741 3.
1803 3698 2047 3750 privato:
2069 3699 2147 3742 Le.
2171 3700 2297 3742 from
2320 3699 2525 3750 Appius.
2568 3697 2659 3742 See

554 3766 680 3807 trast
703 3763 826 3806 with
848 3763 934 3806 the
956 3765 1123 3806 veteres
1145 3763 1362 3806 tabernae
1383 3774 1449 3805 on
1472 3764 1560 3807 the
1656 3775 1718 3807 on
1758 3766 1833 3809 38.
1877 3767 1917 3808 1.
1987 3765 2138 3816 mne,
2178 3769 2293 3809 etc.:
2329 3765 2537 3809 observo
2571 3766 2659 3809 the

555 3830 704 3873 south
725 3828 829 3872 side
850 3829 902 3872 ot
924 3829 1011 3872 the
1035 3830 1231 3873 Forum.
1286 3829 1359 3873 ab
1378 3829 1558 3875 lanio:
1657 3831 1799 3874 effect
1851 3832 1904 3874 in
1955 3832 2041 3875 the
2091 3831 2377 3875 succession'
2416 3832 2469 3875 of
2519 3831 2655 3876 short

554 3898 632 3941 Le.
659 3898 785 3940 from
810 3907 840 3941 a
864 3896 1115 3940 butcher’s
1140 3896 1279 3949 shop.
1657 3898 1858 3942 clauseS.
1926 3900 2014 3944 See
2038 3899 2227 3943 Introd.
2253 3901 2313 3944 V.
