2975 4367
434 239 503 290 78
1350 236 1408 287 T.
1452 235 1612 288 LIVI
2273 235 2449 301 [xxiii.
2497 239 2522 290 1

431 418 575 498 ipsa
623 416 865 480 discors
915 416 1226 481 intestino
1277 416 1449 480 inter
1498 424 1718 498 patres
1768 416 2155 498 plebemque
2207 419 2527 499 flagrabat

431 518 601 594 odio,
633 518 916 580 maxime
944 525 1212 597 propter
1239 538 1440 579 nexos
1476 517 1563 579 ob
1601 538 1708 580 aes
1747 517 2048 580 alienum.
2133 519 2526 581 Fremebant

432 639 499 681 se
540 618 696 680 foris
734 638 852 697 pro
892 617 1194 679 libertate
1232 623 1300 679 et
1339 616 1610 696 imperio
1652 617 2037 681 dimicantes
2077 618 2255 681 domi
2297 640 2336 681 a
2375 618 2529 680 civi-

434 718 556 781 bus
595 724 823 797 captos
859 723 926 779 et
964 736 1304 796 oppressos
1339 737 1497 794 esse,
1538 717 1980 797 tutioremque
2016 718 2084 780 in
2122 718 2289 781 bello
2328 738 2528 799 quam

432 818 501 881 in
532 837 712 897 pace,
748 825 815 881 et
847 817 1017 880 inter
1049 817 1254 879 hostis
1288 837 1488 898 quam
1521 816 1692 880 inter
1725 817 1885 879 civis
1918 817 2290 881 libertatem
2322 817 2528 898 plebis

432 939 570 982 esse
582 939 597 994 ;
655 917 1101 997 invidiamque
1158 937 1303 979 eam
1362 939 1482 980 sua
1538 925 1771 996 sponte
1830 917 2204 996 gliscentem
2262 917 2528 997 insignis

432 1018 624 1081 unius
694 1017 1031 1080 calamitas
1101 1017 1414 1080 accendit.
1509 1018 1742 1095 Magno
1812 1025 1974 1080 natu
2043 1017 2310 1097 quidam
2380 1037 2527 1079 cum

432 1118 725 1180 omnium
760 1116 1076 1180 malorum
1107 1138 1373 1180 suorum
1404 1117 1764 1196 insignibus
1795 1137 1862 1180 se
1892 1118 1961 1179 in
1991 1117 2205 1180 forum
2235 1118 2524 1197 proiecit.

435 1217 667 1281 Obsita
737 1225 878 1281 erat
947 1217 1246 1296 squalore
1318 1218 1538 1292 vestis,
1593 1217 1841 1279 foedior
1912 1218 2195 1296 corporis
2265 1217 2529 1281 habitus

431 1317 675 1396 pallore
730 1337 803 1379 ac
859 1317 1062 1380 macie
1115 1317 1465 1396 perempti;
1523 1316 1604 1379 ad
1660 1318 1780 1379 hoc
1834 1318 2153 1396 promissa
2206 1317 2413 1381 barba
2462 1324 2530 1380 et

434 1418 667 1499 capilla
730 1418 1163 1481 efferaverant
1219 1418 1499 1496 speciem
1574 1418 1720 1480 oris.
1805 1418 2271 1481 Noscitabatur
2307 1425 2530 1481 tamen

434 1517 502 1580 in
540 1525 732 1581 tanta
768 1517 1204 1592 deformitate,
1244 1510 1313 1580 et
1350 1515 1608 1580 ordines
1647 1517 1909 1580 duxisse
1949 1517 2232 1605 aiebant,
2276 1517 2532 1598 aliaque

436 1617 704 1681 militiae
765 1616 999 1679 decora
1059 1617 1253 1695 vulgo
1315 1617 1697 1681 miserantes
1757 1637 1908 1679 eum
1968 1617 2336 1696 iactabant;
2395 1616 2533 1699 ipse

435 1723 634 1782 testes
710 1717 1132 1781 honestarum
1208 1718 1457 1797 aliquot
1535 1717 1687 1781 locis
1760 1737 2128 1797 pugnarum
2204 1718 2533 1782 cicatrices

435 1817 706 1881 adverso
780 1824 1041 1897 pectore
1112 1817 1517 1881 ostentabat.
1608 1817 2123 1895 sciscitantibus,
2185 1819 2358 1881 unde
2428 1817 2533 1880 ille

435 1915 720 1994 habitus,
777 1917 951 1979 unde
1006 1917 1405 1992 deformitas,
1465 1938 1615 1979 cum
1671 1916 2061 1981 circumfusa
2114 1919 2312 1983 turba
2363 1927 2532 1983 esset

433 2036 635 2097 prope
678 2021 746 2080 in
792 2018 1112 2081 contionis
1158 2017 1446 2094 modum,
1497 2017 1737 2081 Sabino
1785 2018 1950 2081 bello
1998 2019 2089 2082 ait
2133 2039 2201 2082 se
2247 2018 2533 2083 militan-

435 2124 590 2194 tem,
649 2117 803 2197 quia
854 2126 1122 2197 propter
1174 2118 1631 2197 populationes
1687 2118 1820 2197 agri
1875 2140 2006 2182 non
2061 2119 2279 2183 fructu
2335 2118 2530 2182 rhodo

435 2217 732 2294 caruerit,
779 2217 892 2280 sed
941 2217 1095 2281 villa
1138 2218 1401 2281 incensa
1446 2218 1660 2293 fuerit,
1709 2218 1967 2298 direpta
2009 2220 2248 2295 omnia,
2296 2238 2533 2299 pecora

435 2316 690 2393 abacta,
751 2317 1078 2381 tributum
1136 2318 1358 2398 iniquo
1417 2339 1535 2381 suo
1595 2325 1888 2398 tempore
1946 2319 2362 2399 imperatum,
2425 2339 2532 2383 aes

436 2417 716 2480 alienum
778 2417 1020 2481 fecisse.
1114 2418 1191 2479 Id
1242 2418 1650 2480 cumulatum
1711 2419 1921 2482 usuris
1981 2419 2191 2499 primo
2250 2439 2319 2483 se
2379 2441 2532 2500 agro

432 2524 706 2597 paterno
779 2518 1089 2597 avitoque
1157 2518 1429 2594 exuisse,
1504 2518 1737 2581 deinde
1807 2518 2086 2584 fortunis
2157 2520 2314 2597 aliis,
2388 2540 2533 2599 pos-

433 2635 642 2680 tremo
704 2618 885 2680 velut
947 2617 1170 2680 tabem
1231 2618 1600 2698 pervenisse
1663 2619 1746 2681 ad
1809 2639 2042 2699 corpus
2053 2640 2068 2696 ;
2129 2619 2404 2683 ductum
2464 2640 2533 2683 se

435 2716 518 2779 ab
581 2718 895 2780 creditore
957 2739 1088 2781 non
1148 2718 1216 2780 in
1277 2719 1638 2795 servitium,
1702 2719 1814 2782 sed
1877 2719 1944 2781 in
2004 2720 2404 2799 ergastulum
2463 2728 2531 2782 et

434 2817 870 2880 carnificinam
900 2838 1054 2880 esse.
1148 2817 1309 2880 Inde
1347 2825 1679 2881 ostentare
1718 2826 1974 2898 tergum
2013 2819 2278 2883 foedum
2317 2839 2532 2882 recen-

433 2916 609 2980 tibus
638 2917 923 2996 vestigiis
953 2918 1313 2980 verberum.
1406 2917 1507 2979 Ad
1543 2919 1697 2981 haec
1728 2919 1869 2982 visa
1901 2919 2257 3000 auditaque
2290 2920 2533 2982 clamor

432 3017 656 3096 ingens
702 3018 925 3081 oritur.
1018 3019 1165 3080 Non
1212 3017 1342 3080 iam
1391 3018 1532 3080 foro
1580 3039 1645 3080 se
1694 3020 2018 3082 tumultus
2066 3020 2379 3094 continet,
2418 3019 2529 3082 sed

435 3168 729 3220 technicauy
751 3168 910 3212 slaves
932 3169 1007 3211 for
1029 3167 1161 3219 debt.
1188 3179 1242 3212 or
1265 3180 1429 3222 penus,
1534 3169 1604 3213 Cf.
1657 3171 1701 3213 5.
1749 3170 1824 3214 41.
1862 3171 1907 3215 9.
2009 3170 2220 3214 Bal-bers
2266 3181 2392 3214 were
2441 3175 2529 3214 not

433 3238 544 3279 who
584 3249 709 3280 were
750 3237 1088 3289 theoretically
1130 3238 1230 3281 free
1271 3238 1434 3280 other·
1532 3238 1822 3281 introduced
1875 3244 1928 3282 at
1984 3237 2142 3282 Rome
2195 3240 2321 3281 until
2375 3239 2531 3283 about

436 3306 567 3353 wisc:
592 3304 772 3356 wholly
795 3316 863 3356 εο,
888 3306 926 3347 if
951 3306 1036 3348 the
1062 3305 1180 3348 debt
1204 3305 1347 3347 could
1371 3305 1433 3347 be
1532 3307 1624 3348 300
1673 3317 1720 3348 Β.
1772 3317 1817 3348 c.
1901 3306 2119 3349 ordinet
2168 3305 2413 3350 duxisse:
2462 3318 2529 3351 sc.

436 3370 564 3423 paid,
616 3376 704 3414 but
752 3372 890 3415 there
933 3383 1033 3414 was
1077 3372 1211 3422 large
1256 3383 1433 3424 oppor-
1531 3383 1659 3419 eum:
1684 3373 1761 3415 i.e.
1791 3383 1890 3414 was
1916 3384 1946 3415 a
1973 3373 2244 3416 centurion.
2298 3372 2532 3417 advorso

433 3439 601 3489 tunity
647 3439 723 3481 for
768 3439 932 3482 abuse.
1014 3447 1105 3482 aes
1153 3438 1430 3482 alienum:
1531 3440 1774 3489 pectore:
1815 3440 2034 3490 showing
2072 3440 2183 3484 that
2222 3439 2286 3483 he
2323 3441 2422 3483 had
2462 3441 2531 3483 al-

436 3505 650 3552 ⁴‘debt;''
698 3506 784 3548 the
831 3502 977 3548 Latin
1023 3506 1199 3557 phrase
1244 3507 1285 3549 is
1333 3507 1433 3558 pic-
1530 3518 1664 3557 ways
1692 3507 1828 3549 faced
1858 3507 1943 3550 the
1970 3506 2062 3550 foe.

431 3576 675 3622 turesque.
1595 3576 1641 3617 5.
1680 3572 1882 3619 Sabino
1905 3573 2073 3617 bello:
2105 3585 2241 3617 some
2271 3577 2357 3617 ten
2388 3586 2529 3626 years

422 3694 425 3698 .
493 3641 542 3682 2.
576 3640 964 3691 invidiamque
994 3650 1146 3684 eam:
1179 3640 1305 3684 “the
1333 3640 1430 3684 bit·
1529 3641 1709 3683 before.
1784 3640 2095 3684 tributum.
2137 3651 2167 3683 a
2208 3640 2388 3692 special
2428 3652 2529 3684 war

430 3710 616 3749 terness
643 3717 761 3750 over
788 3706 934 3750 this.”
1530 3712 1631 3751 tax.

492 3774 543 3815 4.
576 3774 647 3817 ad
715 3775 845 3817 hoc:
884 3791 926 3807 ==
967 3777 1217 3825 praeterea.
1307 3784 1430 3827 pro·
1592 3777 1639 3817 6.
1675 3774 2038 3819 cumulatum
2096 3774 2306 3819 usuris:
2367 3774 2527 3818 “with

431 3840 602 3886 minu
617 3839 813 3887 barba:
846 3841 924 3887 Le.
939 3840 1104 3892 longer
1120 3843 1242 3885 than
1270 3841 1425 3888 usual.
1526 3843 1592 3888 its
1631 3842 1822 3887 burden
1861 3843 1913 3886 oi
1952 3841 2231 3894 compound
2272 3841 2527 3888 interest-'⁸

1829 4025 1858 4032 -q
