2975 4367
439 340 574 392 xlix.
612 339 663 402 5]
1321 335 1560 390 LIBER
1596 335 1645 388 V
2437 336 2537 389 127

442 520 728 595 habitus,
776 517 1184 598 tribunisque
1231 515 1515 580 militum
1562 516 1896 596 negotium
1941 514 2197 591 datum,
2245 521 2319 578 ut
2365 515 2540 597 paci-

439 625 792 684 scerentur.
883 617 1046 680 Inde
1101 616 1272 679 inter
1325 617 1400 693 Q.
1447 614 1805 696 Sulpicium
1860 615 2199 678 tribunum
2256 613 2540 677 militum

440 726 510 783 et
578 720 934 794 Brennum,
1005 715 1298 795 regulum
1383 714 1739 791 Gallorum,
1810 714 2128 794 colloquio
2207 720 2543 780 transacta

442 839 563 895 res,
617 824 686 882 et
739 817 911 879 mille
964 815 1183 897 pondo
1223 813 1362 878 auri
1415 815 1699 895 pretium
1752 813 1975 894 populi
2030 814 2332 892 gentibus
2389 837 2543 881 mox

378 936 408 977 9
442 917 824 999 imperaturi
863 915 1134 979 factum.
1228 914 1347 976 Rei
1392 914 1800 977 foedissimae
1851 933 1965 994 per
2016 933 2083 975 se
2140 914 2397 980 adiecta
2448 918 2543 980 in-

444 1019 728 1097 dignitas
753 1021 880 1079 est:
935 1015 1228 1097 pondera
1255 1015 1339 1078 ab
1368 1014 1568 1077 Gallis
1607 1013 1829 1076 adlata
1863 1014 2110 1094 iniqua,
2149 1020 2238 1090 et,
2278 1017 2542 1081 tribuno

444 1123 804 1192 recusante,
856 1115 1120 1179 additus
1178 1115 1262 1178 ab
1319 1113 1636 1177 insolente
1694 1112 1879 1176 Gallo
1937 1114 2209 1194 ponderi
2271 1116 2541 1196 gladiuS,

445 1218 804 1297 auditaque
841 1214 1251 1279 intoleranda
1293 1213 1610 1278 Romanis
1654 1234 1811 1276 vox:
1857 1233 1976 1277 vae
2020 1215 2228 1278 victis.

383 1337 406 1377 1
573 1317 822 1379 XLIX.
872 1315 997 1379 Sed
1040 1314 1259 1395 diique
1300 1321 1368 1377 et
1411 1313 1705 1376 homines
1747 1313 2132 1393 prohibuere
2174 1315 2545 1397 redemptos

446 1417 665 1480 vivere
696 1418 1047 1479 Romanos.
1141 1414 1311 1478 Nam
1342 1414 1510 1477 forte
1540 1413 1848 1493 quadam,
1867 1415 2246 1495 priusquam
2276 1416 2546 1481 infanda

446 1537 689 1581 merces
757 1517 1190 1596 perficeretur,
1262 1533 1377 1594 per
1445 1512 1937 1576 altercationem
2008 1515 2298 1578 nondum
2366 1518 2546 1580 omni

446 1638 606 1682 auro
681 1636 988 1696 appenso,
1063 1615 1350 1677 dictator
1422 1614 1797 1688 intervenit,
1873 1613 2240 1694 auferrique
2314 1636 2544 1679 aurum

382 1738 411 1778 2
447 1719 528 1781 de
593 1716 807 1779 medio
871 1721 938 1778 et
1005 1714 1223 1778 Gallos
1285 1712 1659 1777 submoveri
1722 1712 1923 1775 iubet.
2013 1714 2176 1776 Cum
2241 1713 2331 1777 illi
2383 1717 2547 1780 reni-

447 1824 665 1881 tentes
704 1822 933 1896 pactos
972 1815 1262 1877 dicerent
1300 1834 1457 1889 sese,
1499 1818 1696 1891 negat
1735 1833 1880 1875 eam
1921 1814 2292 1893 pactionem
2332 1821 2545 1879 ratam

446 1938 605 1993 esse,
649 1936 837 1998 quae,
878 1921 1233 1996 postquam
1272 1913 1409 1992 ipse
1447 1912 1735 1975 dictator
1773 1919 2029 1975 creatus
2068 1920 2258 1991 esset,
2300 1914 2546 1978 iniussu

447 2039 565 2081 suo
609 2017 692 2080 ab
733 2015 1050 2079 inferioris
1089 2014 1245 2077 iuris
1286 2013 1678 2091 magistratu
1721 2012 1900 2074 facta
1938 2018 2127 2089 esset,
2172 2014 2549 2079 denuntiat-

383 2136 413 2178 3
449 2138 575 2198 que
605 2115 824 2191 Gallis,
855 2120 929 2178 ut
955 2134 1023 2178 se
1050 2114 1133 2177 ad
1161 2112 1476 2194 proelium
1503 2111 1876 2190 expediant.
1956 2112 2121 2176 Suos
2147 2114 2215 2176 in
2243 2134 2547 2178 acervum

449 2217 738 2279 conicere
795 2215 1083 2278 sarcinas
1140 2219 1209 2276 et
1267 2232 1452 2276 arma
1510 2217 1738 2290 aptare
1796 2210 2114 2294 ferroque,
2176 2235 2308 2277 non
2368 2237 2546 2292 auro,

448 2335 828 2396 recuperare
884 2315 1166 2394 patriam
1212 2312 1427 2390 jubet,
1484 2310 1554 2373 in
1611 2318 1964 2390 conspectu
2021 2313 2338 2378 habentes
2394 2315 2551 2379 fana

448 2415 645 2478 deum
697 2420 765 2478 et
817 2414 1119 2493 coniuges
1170 2418 1237 2476 et
1291 2412 1526 2475 liberos
1575 2417 1643 2474 et
1693 2410 1903 2473 solum
1955 2413 2209 2491 patriae
2261 2414 2550 2479 deforme

448 2514 599 2579 belli
650 2514 837 2578 malis
885 2520 953 2577 et
1003 2513 1245 2589 omnia,
1298 2531 1466 2593 quae
1518 2510 1780 2573 defendi
1829 2512 2165 2593 repetique
2214 2521 2282 2578 et
2331 2514 2550 2579 ulcisci

382 2638 414 2679 4
448 2616 548 2679 fas
581 2617 686 2678 sit.
778 2614 1058 2677 Instruit
1092 2612 1327 2676 deinde
1361 2611 1588 2686 aciem,
1614 2618 1689 2674 ut
1724 2609 1845 2674 loci
1878 2619 2119 2676 natura
2151 2615 2547 2695 patiebatur,

446 2716 516 2779 in
565 2716 918 2778 semirutae
968 2712 1105 2777 solo
1155 2713 1334 2776 urbis
1383 2717 1450 2773 et
1502 2718 1742 2774 natura
1788 2712 2137 2792 inaequali,
2190 2721 2258 2777 et
2307 2716 2546 2790 omnia,

449 2836 618 2897 quae
660 2823 799 2879 arte
841 2813 990 2876 belli
1033 2812 1320 2876 secunda
1359 2811 1494 2873 suis
1533 2809 1681 2889 eligi
1722 2814 2177 2891 praepararive
2219 2820 2547 2894 poterant,

381 2938 414 2980 5
449 2915 758 2995 providit.
850 2912 1019 2977 Galli
1082 2933 1257 2976 nova
1316 2931 1384 2973 re
1446 2909 1686 2989 trepidi
1749 2931 1932 2974 arma
1992 2913 2263 2992 capiunt
2325 2913 2549 2995 iraque

451 3014 658 3094 magis
708 3034 908 3096 quam
960 3012 1224 3075 consilio
1274 3010 1342 3073 in
1393 3011 1727 3073 Romanos
1775 3010 2133 3074 incurrunt.
2230 3013 2373 3076 Iam
2411 3034 2552 3077 ver-

448 3253 534 3295 the
568 3253 950 3300 arrangementS.
1019 3246 1283 3298 gentibus
1317 3254 1448 3288 mox

446 3317 805 3370 imperaturi:
835 3320 953 3358 note
980 3315 1088 3357 how
1119 3316 1205 3357 the
1234 3314 1377 3356 effect
1408 3314 1449 3355 is

1550 3248 1632 3295 yet
1658 3244 1929 3295 weighed.”
1987 3245 2115 3300 Only
2141 3247 2268 3301 Livy
2292 3249 2426 3300 gives
2451 3250 2551 3293 this

1549 3314 1790 3357 dramatic
1844 3318 1961 3358 turn
2015 3319 2069 3358 to
2123 3317 2210 3360 the
2262 3318 2443 3360 arrival
2499 3319 2551 3360 of

448 3387 566 3428 thus
590 3382 902 3434 heightened.
960 3383 1032 3425 Cf.
1061 3384 1179 3424 Aen.
1206 3382 1250 3423 6.
1277 3382 1385 3423 853.

511 3453 562 3496 ⁹.
594 3450 931 3501 indignitas:
961 3449 1046 3492 the
1074 3448 1349 3501 proverbial
1376 3448 1450 3489 in-

450 3518 548 3562 sult
580 3517 741 3561 added
774 3520 828 3559 to
857 3516 1040 3567 injury.
1101 3515 1323 3565 iniqua:
1370 3515 1448 3557 Le.

450 3589 535 3629 too
578 3585 758 3635 heavy.
832 3591 938 3626 vae
977 3582 1167 3626 victis:
1211 3582 1356 3625 “woe
1397 3585 1451 3624 to

451 3654 537 3696 the
565 3650 832 3696 worsted!''

521 3720 733 3774 XLIX.
807 3719 1073 3773 Camillus
1105 3718 1308 3770 arrives
1340 3718 1451 3769 and

448 3788 533 3841 the
560 3788 698 3854 sieqe
723 3787 776 3840 is
801 3787 995 3839 raised.

515 3871 563 3913 1.
596 3869 939 3920 redemptos:
991 3867 1241 3919 emphatic
1292 3867 1451 3919 predi-

450 3941 577 3984 cate.
629 3936 892 3983 nondum
916 3965 930 3979 .
955 3964 969 3981 .
996 3964 1009 3979 .
1030 3943 1300 3989 appenso:
1320 3935 1449 3978 “not

1551 3382 1799 3428 caminus,

1613 3458 1662 3499 2.
1696 3457 2137 3508 denuntiatque:
2168 3458 2420 3503 “wama”
2482 3460 2551 3503 ut

1555 3552 1569 3566 .
1615 3553 1629 3566 .
1675 3553 1687 3566 .
1727 3524 2048 3576 expediant:
2127 3525 2172 3568 A
2210 3524 2395 3575 jussive
2436 3526 2551 3569 sub-

1550 3592 1768 3634 stantive
1789 3593 1965 3635 clause.

1613 3666 1664 3708 8.
1697 3664 1912 3709 ulcisci:
1944 3665 2058 3709 here
2088 3676 2120 3708 a
2149 3666 2359 3718 passive.

1612 3733 1663 3775 4.
1695 3732 2003 3784 inaequali:
2032 3734 2153 3776 with
2181 3734 2293 3778 colo.
2356 3743 2551 3779 secun·

1550 3799 1646 3843 dat
1674 3800 1795 3842 with
1824 3811 1955 3851 quae.

1614 3869 1663 3911 8.
1697 3868 2013 3911 momento:
2045 3868 2359 3912 “exenium”
