2975 4367
358 291 532 350 xlviii.
575 291 628 360 3]
1221 291 1455 347 LIBER
1492 293 1583 348 111
2352 294 2456 351 103

298 491 330 534 5
357 475 611 556 Appius
676 474 1043 538 interfatur.
1136 475 1345 552 Quem
1413 473 1675 538 decreto
1742 495 2104 540 sermonem
2154 482 2453 556 praeten-

356 575 547 651 derit,
621 575 839 637 forsan
910 574 1191 655 aliquem
1262 593 1489 637 verum
1564 582 1859 638 auctores
1930 576 2183 655 antiqui
2253 575 2453 639 tradi-

359 674 572 738 derint
583 696 600 751 ,·
652 674 807 755 quia
854 694 1179 754 nusquam
1230 674 1435 737 ullum
1485 674 1554 736 in
1603 681 1796 738 tanta
1845 675 2160 739 foeditate
2209 675 2451 740 decreti

360 776 496 838 veri
541 774 815 838 similem
864 774 1145 851 invenio,
1195 774 1282 851 id,
1334 774 1510 855 quod
1562 781 1840 850 constat,
1892 775 2142 838 nudum
2192 775 2453 840 videtur

358 875 874 955 proponendum,
929 875 1216 939 decresse
1268 874 1585 938 vindicias
1633 874 1991 938 secundum
2042 875 2444 940 servitutem.

288 983 324 1028 6
359 976 577 1037 Primo
612 982 842 1055 stupor
876 996 1101 1038 omnes
1139 974 1571 1038 admiratione
1606 976 1697 1037 rei
1734 981 1872 1038 tam
1919 975 2155 1038 atrocis
2194 975 2422 1040 defixit
2432 996 2450 1054 ς

356 1074 687 1147 silentium
736 1075 886 1139 inde
934 1075 1338 1155 aliquamdiu
1385 1076 1619 1138 tenuit.
1712 1075 1897 1150 Dein,
1937 1095 2084 1137 cum
2137 1075 2221 1136 M.
2262 1075 2450 1139 Clau-

353 1174 504 1238 dius
550 1176 1122 1239 circumstantibus
1168 1175 1485 1238 matronis
1531 1175 1654 1238 iret
1702 1174 1784 1237 ad
1831 1174 2275 1254 prendendam
2324 1176 2451 1237 vir-

355 1276 571 1354 ginem
630 1275 1192 1355 lamentabilisque
1247 1295 1398 1338 eum
1457 1273 1801 1337 mulierum
1859 1274 2284 1354 comploratio
2341 1296 2451 1338 ex-

290 1384 322 1429 7
357 1376 650 1455 cepisset,
701 1375 1041 1455 Verginius
1087 1375 1424 1439 intentans
1470 1374 1539 1437 in
1587 1375 1874 1454 Appium
1924 1394 2157 1437 manus
2206 1374 2446 1438 ‘Icilio'

357 1474 590 1555 inquit,
648 1475 870 1555 ‘Appi,
925 1496 1056 1537 non
1108 1475 1230 1538 tibi
1282 1475 1483 1537 filiam
1536 1474 1852 1554 despondi
1902 1480 1970 1537 et
2024 1474 2107 1537 ad
2161 1475 2445 1554 nuptiaS,

355 1595 487 1637 non
560 1575 642 1638 ad
713 1582 1014 1655 stuprum
1084 1574 1379 1639 educavi.
1471 1574 1815 1636 Passurine
1887 1574 2044 1637 haec
2116 1574 2225 1636 isti
2295 1575 2446 1651 sint,

356 1675 571 1738 nescio
581 1696 598 1751 ;
642 1696 773 1737 non
814 1696 1001 1754 spero
1043 1695 1180 1738 esse
1222 1695 1527 1755 passuros
1569 1672 1728 1749 illos,
1776 1673 1889 1753 qui
1933 1694 2116 1737 arma
2158 1674 2445 1737 habent!

289 1781 322 1825 8
356 1775 520 1836 Cum
587 1774 1001 1854 repelleretur
1067 1775 1360 1855 adsertor
1427 1773 1692 1852 virginis
1759 1794 1799 1836 a
1863 1772 2056 1852 globo
2104 1772 2448 1837 mulierum

356 1873 1050 1955 circumstantiumque
1103 1874 1596 1949 advocatorum,
1649 1872 1981 1936 silentium
2034 1873 2284 1937 factum
2337 1894 2452 1954 per

355 1994 758 2053 praeconem.
1538 2028 1541 2033 .

292 2081 317 2124 1
480 2073 791 2136 XLVIII.
841 2073 1203 2151 Decemvir,
1265 2073 1584 2137 alienatus
1657 2073 1740 2137 ad
1814 2070 2148 2136 libidinem
2208 2058 2446 2150 animo,

357 2179 552 2252 negat
604 2193 687 2236 ex
762 2175 1065 2238 hesterno
1127 2180 1392 2237 tantum
1461 2173 1755 2237 convicio
1811 2173 1950 2237 Icili
2006 2173 2450 2253 violentiaque

356 2273 637 2352 Vergini,
685 2274 866 2338 cuius
914 2280 1151 2337 testem
1199 2274 1517 2353 populum
1575 2275 1950 2337 Romanum
2012 2273 2274 2349 habeat,
2335 2272 2443 2336 sed

357 2373 547 2436 certis
611 2394 872 2455 quoque
923 2373 1176 2436 indiciis
1220 2381 1630 2454 compertum
1673 2393 1741 2436 se
1786 2373 2023 2436 habere
2067 2379 2260 2436 nocte
2304 2379 2451 2436 tot-a

355 2480 579 2537 coetus
648 2474 716 2537 in
783 2475 943 2537 urbe
996 2475 1206 2537 factos
1259 2492 1397 2536 esse
1452 2472 1535 2535 ad
1592 2473 1985 2536 movendam
2039 2472 2445 2536 seditionem.

288 2584 321 2625 2
356 2573 592 2653 Itaque
633 2594 703 2637 se
763 2574 938 2637 haud
992 2573 1267 2636 inscium
1313 2572 1451 2635 eius
1497 2573 1934 2636 dimicationis
1981 2593 2130 2636 cum
2179 2573 2448 2638 armatis

354 2672 779 2750 descendisse,
819 2696 951 2738 non
988 2680 1064 2736 ut
1109 2693 1511 2754 quemquam
1549 2673 1845 2753 quietum
1882 2673 2177 2749 violaret,
2216 2674 2328 2737 sed
2372 2681 2448 2737 ut

355 2773 698 2837 turbantes
734 2774 1024 2837 civitatis
1058 2774 1268 2837 otium
1297 2794 1415 2853 pro
1443 2773 1788 2836 maiestate
1823 2773 2075 2853 imperii
2103 2781 2444 2838 coerceret.

287 2883 319 2925 3
356 2872 666 2936 ‘Proinde
700 2875 953 2954 quiesse
997 2874 1121 2937 erit
1168 2872 1396 2935 melius
1405 2893 1422 2949 ;
1468 2872 1509 2934 i'
1559 2872 1794 2951 inquit,
1845 2872 2082 2949 ‘lictor,
2128 2874 2449 2938 submove

354 2973 618 3036 turbam
652 2980 720 3037 et
755 2974 843 3037 da
878 2974 1053 3037 viam
1089 2972 1355 3036 domino
1392 2971 1474 3034 ad
1512 2971 1961 3051 prendendum
1998 2974 2448 3054 mancipium'l

417 3212 466 3254 δ.
498 3211 561 3254 in
602 3211 767 3254 tanta
808 3209 1079 3253 meditate
1121 3209 1351 3254 decreti:

1571 3239 1584 3251 .
1628 3209 1827 3251 tantum.
1905 3207 2263 3260 compertum
2309 3239 2324 3253 .
2371 3238 2388 3255 .
2434 3239 2452 3257 .

354 3279 446 3320 “in
484 3288 538 3320 so
575 3277 817 3320 shameful
855 3288 884 3320 a
921 3277 1144 3325 decree;’'
1181 3288 1212 3318 a
1248 3280 1350 3319 sort
1451 3274 1678 3319 habere:
1710 3275 1976 3327 analytical
2008 3276 2192 3327 perfect
2225 3277 2300 3319 ror
2329 3288 2452 3321 com-

351 3345 405 3388 of
441 3344 545 3387 half
580 3356 691 3396 way
728 3348 866 3394 stage
900 3344 950 3386 in
989 3344 1200 3393 forming
1233 3343 1353 3386 hen-

352 3412 546 3464 diadys.
624 3410 871 3454 nudum:
919 3411 1044 3462 Livy
1089 3411 1222 3460 gives
1267 3410 1353 3453 the

353 3480 471 3523 bare
515 3479 685 3521 decree
729 3477 938 3520 without
985 3488 1015 3519 a
1061 3477 1255 3528 preface
1299 3480 1352 3520 to

351 3546 530 3599 justiry
566 3546 606 3587 it
644 3545 776 3587 since
811 3543 873 3587 he
909 3543 1038 3586 finds
1072 3554 1203 3586 none
1238 3543 1351 3587 that

351 3614 394 3656 is
419 3612 658 3664 plausible
690 3611 807 3660 (veri
830 3611 1074 3661 similem).

415 3681 465 3723 ’1.
497 3679 618 3722 isti:
645 3678 787 3721 those
810 3678 1009 3727 looking
1032 3688 1113 3722 on.

415 3746 651 3790 XLVIII.
688 3745 736 3788 1.
770 3745 1049 3788 alienatus

353 3821 472 3857 mo:
502 3812 711 3855 “beside
738 3812 982 3855 himself.”
1043 3812 1140 3856 ad:
1167 3813 1350 3856 causal.

353 3881 524 3932 necat
570 3910 584 3924 .
630 3909 643 3923 .
688 3909 703 3923 .
743 3879 1002 3923 tantum:
1031 3897 1074 3913 =
1100 3879 1216 3922 dicit
1254 3890 1352 3921 non

1233 3745 1354 3789 gm-

1450 3342 1593 3393 perit:
1629 3342 1714 3385 the
1749 3343 1952 3393 original
1988 3342 2040 3385 ot
2077 3343 2163 3386 the
2199 3342 2452 3389 Romance

1448 3410 1548 3451 and
1575 3409 1777 3459 English
1802 3410 2027 3460 perfecte..

1512 3478 1563 3519 2.
1598 3476 1967 3520 descendisse:
1990 3487 2056 3520 sc.
2079 3476 2137 3520 in
2156 3476 2329 3528 rorum.
2375 3477 2448 3523 Cf.

1451 3543 1637 3586 “down
1674 3543 1857 3591 town.’'
1894 3544 2153 3595 especially
2187 3543 2329 3587 when
2363 3544 2451 3590 the

1449 3610 1731 3653 residential
1769 3610 1988 3653 districts
2024 3621 2108 3654 are
2144 3621 2209 3653 on
2246 3610 2359 3654 hilis
2394 3621 2451 3655 as

1449 3681 1504 3720 at
1533 3678 1705 3721 Rome.

1513 3745 1564 3788 3.
1598 3744 1839 3788 deserta:
1874 3747 1994 3788 note
2027 3743 2115 3788 the
2148 3745 2362 3797 position
2397 3745 2450 3787 ot

1450 3812 1538 3854 the
1584 3812 1834 3863 predicate
1878 3811 1977 3853 and
2025 3812 2078 3854 of
2123 3811 2210 3855 the
2255 3811 2450 3864 apposi-

1450 3878 1605 3921 tional
1636 3878 1825 3930 phrase.
