2975 4367
484 209 618 263 xliv.
655 210 709 276 4]
1368 213 1607 265 LIBER
1644 212 1693 268 v
2481 189 2602 295 ιη’

486 411 721 469 arcem,
764 398 841 455 ut
880 392 1335 456 obsidentibus
1376 391 1782 456 frumentum
1822 394 2241 475 populatores
2283 416 2584 475 agrorum

485 492 889 571 praeberent.

420 607 451 649 e
611 592 1098 655 Proficiscentes
1151 592 1369 655 Gallos
1424 593 1508 656 ab
1561 593 1721 656 urbe
1775 593 1857 657 ad
1913 594 2284 657 Romanam
2336 596 2587 676 experi-

484 691 723 754 endam
794 692 1107 754 virtutem
1177 692 1442 754 fortuna
1509 692 1654 772 ipsa
1719 693 2025 769 Ardeam,
2098 694 2209 756 ubi
2277 694 2587 757 Camillus

421 808 447 850 7
484 790 849 866 exsulabat,
891 791 1081 853 duxit
1093 812 1109 868 3
1151 792 1263 871 qui
1303 792 1612 854 maestior
1649 792 1740 854 ibi
1778 792 2045 855 fortuna
2081 792 2346 872 publica
2384 815 2586 874 quam

484 912 606 953 sua
648 911 797 953 cum
840 890 941 955 dis
983 891 1485 970 hominibusque
1531 891 1912 955 accusandis
1953 900 2333 968 senesceret,
2381 894 2587 972 indig-
2660 883 2676 907 ⁷

487 989 705 1053 nando
749 989 1194 1069 mirandoque,
1240 990 1355 1053 ubi
1396 990 1487 1052 illi
1530 991 1652 1053 viri
1693 997 1929 1068 essent,
1975 991 2087 1072 qui
2129 1012 2349 1054 secum
2394 993 2585 1055 Veios

488 1089 902 1170 Faleriosque
937 1090 1278 1171 cepissent,
1316 1091 1429 1171 qui
1464 1090 1593 1153 alia
1626 1090 1795 1154 bella
1829 1091 2061 1154 fortius
2095 1112 2351 1171 semper
2386 1112 2584 1172 quam

420 1207 453 1248 s
486 1188 736 1252 felicius
803 1190 1166 1268 gessissent,
1235 1198 1504 1270 repente
1572 1190 1758 1253 audit
1825 1190 2159 1254 Gallorum
2226 1193 2586 1254 exercitum

489 1289 845 1352 adventare
914 1297 1112 1370 atque
1179 1290 1260 1352 de
1325 1311 1403 1353 eo
1468 1290 1746 1370 pavidos
1811 1290 2128 1354 Ardeates
2195 1290 2581 1354 consultare.

489 1389 623 1453 Nec
650 1410 833 1453 secus
872 1410 1072 1470 quam
1110 1389 1334 1453 divino
1371 1391 1606 1470 spiritu
1644 1397 1864 1454 tactus
1903 1411 2052 1454 cum
2089 1411 2158 1454 se
2196 1391 2264 1453 in
2303 1390 2586 1454 mediam

489 1489 859 1552 contionem
906 1488 1252 1565 intulisset,
1304 1490 1629 1553 abstinere
1674 1498 1900 1553 suetus
1946 1498 2100 1554 ante
2147 1490 2390 1554 talibus
2438 1512 2588 1553 con-

424 1607 450 1650 1
489 1588 667 1664 ciliis,
716 1589 954 1651 XLIV.
1061 1589 1461 1665 ‘Ardeates,'
1513 1590 1749 1670 inquit,
1812 1591 2095 1654 ‘veteres
2156 1591 2366 1667 amici,
2431 1591 2587 1654 novi

488 1689 688 1751 etiam
758 1688 929 1752 cives
996 1689 1142 1765 mei,
1213 1689 1477 1770 quando
1542 1696 1612 1753 et
1679 1696 1971 1753 vestrum
2039 1691 2424 1754 beneficium
2493 1691 2589 1754 ita

490 1788 643 1851 tulit
696 1794 764 1851 et
820 1789 1086 1851 fortuna
1139 1789 1260 1852 hoc
1314 1790 1493 1868 eguit
1548 1810 1713 1866 mea,
1771 1810 1964 1853 nemo
2021 1799 2310 1854 vestrum
2368 1791 2588 1854 condi-

491 1888 690 1973 cionis
740 1908 921 1951 meae
970 1888 1250 1951 oblitum
1300 1910 1402 1952 me
1451 1889 1579 1952 huc
1627 1890 2010 1970 processisse
2057 1896 2278 1971 putet;
2326 1892 2437 1954 sed
2488 1912 2587 1955 res

491 2009 565 2051 ac
626 2008 970 2052 commune
1027 1988 1389 2070 periculum
1449 1989 1622 2070 cogit
1683 1991 1856 2070 quod
1920 1991 2194 2072 quisque
2224 1991 2460 2072 ·possit
2521 1991 2587 2053 in

425 2105 456 2147 2
488 2107 557 2150 re
596 2088 854 2168 trepida
887 2088 1192 2170 praesidii
1230 2089 1296 2151 in
1336 2088 1627 2152 medium
1664 2089 1971 2153 conferre.
2059 2092 2145 2153 Et
2175 2091 2442 2171 quando
2468 2112 2587 2171 ego

491 2188 677 2251 vobis
720 2208 837 2268 pro
881 2189 1088 2251 tantis
1133 2190 1365 2251 vestris
1409 2190 1477 2252 in
1523 2209 1626 2252 me
1673 2190 1918 2252 meritis
1963 2191 2244 2269 gratiam
2286 2190 2583 2267 referam,

489 2287 543 2351 si
591 2308 762 2351 nunc
815 2291 1186 2350 cessavero?
1270 2289 1406 2351 Aut
1442 2289 1556 2351 ubi
1605 2310 1761 2353 usus
1808 2290 1930 2351 erit
1981 2289 2109 2352 mei
2158 2289 2365 2367 vobis,
2418 2290 2471 2352 si
2520 2290 2587 2353 in

490 2386 657 2450 bello
708 2409 838 2450 non
890 2388 1124 2450 fuerit?
1211 2389 1353 2451 Hac
1406 2394 1544 2451 arte
1594 2388 1661 2451 in
1710 2389 1927 2469 patria
1973 2388 2149 2466 steti,
2186 2394 2257 2453 et
2301 2389 2586 2453 invictus

423 2506 456 2547 3
490 2486 656 2550 bello
718 2489 787 2551 in
845 2507 1005 2568 pace
1068 2488 1152 2551 ab
1213 2488 1485 2567 ingratis
1546 2489 1798 2551 civibus
1845 2488 2072 2568 pulsus
2128 2509 2296 2553 sum.
2386 2490 2586 2553 Vobis

490 2593 735 2665 autem,
777 2586 1116 2663 ArdeateS,
1156 2587 1423 2651 fortuna
1458 2586 1685 2651 oblata
1721 2592 1820 2650 est
1857 2583 1925 2650 et
1961 2609 2080 2669 pro
2118 2589 2329 2653 tantis
2362 2589 2585 2671 populi

491 2687 773 2750 Romani
828 2687 1176 2764 beneficiis,
1236 2693 1489 2768 quanta
1544 2686 1666 2767 ipsi
1723 2687 2108 2752 meministis
2133 2724 2216 2733 —
2239 2710 2356 2752 nec
2412 2690 2585 2753 enim

488 2787 946 2866 exprobranda
1005 2787 1182 2868 apud
1242 2807 1559 2850 memores
1618 2791 1775 2850 sunt
1800 2820 1884 2832 --
1907 2788 2152 2867 gratiae
2213 2789 2586 2852 referendae

487 2891 555 2948 et
599 2887 748 2949 huic
794 2886 939 2949 urbi
981 2885 1180 2951 decus
1223 2887 1447 2968 ingens
1489 2885 1641 2950 belli
1683 2908 1766 2951 ex
1809 2887 1996 2951 hoste
2041 2887 2376 2961 communi
2417 2889 2589 2969 pari-

421 3004 454 3047 4
486 2986 659 3064 endi,
705 2987 817 3068 qui
857 2987 1066 3050 effuso
1110 2987 1364 3066 agmine
1408 2985 1748 3050 adventat.
1839 2988 2010 3050 Gens
2050 2993 2171 3062 est,
2202 2987 2307 3051 cui
2348 2993 2589 3052 natura
2675 3044 2679 3049 .

552 3208 601 3249 ⁶.
634 3206 706 3249 ad
748 3236 762 3250 .
805 3236 818 3249 .
861 3236 875 3250 .
913 3207 1329 3257 experiendam:
1366 3207 1487 3251 with
1587 3207 1689 3250 him
1737 3218 1767 3250 a
1814 3207 2076 3257 municeps,
2125 3206 2217 3250 but
2265 3207 2329 3252 he
2374 3208 2473 3251 had
2523 3220 2589 3251 no

486 3273 638 3317 duxit.
703 3273 992 3318 camillus:
1022 3274 1085 3317 cf.
1116 3276 1193 3317 32.
1225 3276 1269 3318 7.
1586 3275 1725 3317 voice
1745 3275 1797 3317 in
1819 3275 1906 3317 the
1926 3274 2187 3327 assembly.
2247 3276 2309 3318 in
2331 3276 2588 3320 medium

449 3384 452 3387 .
551 3341 600 3383 7.
634 3349 769 3384 eum
795 3370 808 3382 .
841 3370 854 3383 .
886 3370 899 3383 .
924 3341 1257 3384 senesceret:
1282 3342 1488 3384 circum-
1587 3340 1861 3384 conterre:
1895 3342 1990 3384 “to
2018 3337 2353 3384 contribute.”

488 3406 707 3451 stantial.
767 3405 1010 3451 felicius:
1040 3408 1149 3460 “by
1175 3406 1346 3457 luck;’'
1374 3419 1488 3450 con·
1648 3409 1699 3450 2.
1733 3407 1838 3450 hae
1877 3408 2023 3451 arte:
2061 3419 2142 3451 see
2178 3419 2243 3450 on
2287 3409 2328 3452 1.
2361 3410 2439 3452 53.
2475 3411 2516 3453 1.

487 3477 790 3526 temptuouS.
1649 3476 1699 3518 8.
1731 3475 1987 3518 fortuna:
2030 3493 2074 3508 ε
2113 3476 2308 3525 occasio,
2357 3477 2475 3518 wlth
2517 3486 2588 3519 re-

550 3542 600 3583 8.
631 3541 740 3586 Nec
794 3570 808 3584 .
873 3570 887 3584 .
951 3570 965 3585 .
1013 3542 1226 3586 tactus:
1287 3542 1382 3584 “as
1449 3543 1488 3585 if
1586 3542 1817 3592 terendae.
1912 3551 2212 3586 memores:
2263 3543 2435 3586 “since
2486 3554 2586 3594 you

487 3608 643 3651 under
701 3608 868 3652 divine
934 3609 1278 3660 inspiration.”
1366 3617 1487 3653 cue-
1586 3610 1693 3652 well
1720 3609 2045 3655 remember.”

487 3675 606 3718 tus:
636 3693 678 3707 =
706 3676 950 3723 adsuetus:
978 3676 1269 3719 concessive.
1649 3678 1699 3719 4.
1733 3677 1922 3720 firma:
1971 3677 2207 3728 referring
2253 3675 2482 3728 logically
2532 3680 2588 3720 to

552 3740 730 3785 XLIV.
792 3743 840 3785 1.
900 3743 1151 3794 quando:
1204 3742 1488 3794 explaining
1586 3744 1788 3794 animos,
1819 3756 1874 3787 as
1902 3756 2076 3796 maana
2104 3748 2158 3788 to
2185 3754 2398 3796 corpora.

486 3808 609 3852 cives
639 3810 747 3853 mei.
816 3810 919 3853 The
951 3810 1176 3853 Ardeates
1207 3810 1307 3853 had
1341 3810 1487 3854 made
