2975 4367
474 261 575 315 124
891 305 896 309 .
1389 260 1455 315 Τ.
1491 259 1651 314 LIVI
2282 261 2436 326 [xlvi.
2498 264 2560 314 11

467 442 645 523 prius
675 441 1042 521 profectum
1076 441 1161 505 ab
1186 440 1420 517 Ardea,
1447 460 1648 520 quam
1681 441 2065 522 compererit
2098 441 2301 520 legem
2335 441 2559 519 latam,

468 541 643 622 quod
692 561 809 604 nec
858 541 1105 603 iniussu
1152 539 1378 621 populi
1427 540 1672 604 mutari
1720 541 1957 604 finibus
2004 547 2225 623 posset
2273 562 2390 605 nec
2439 542 2562 606 nisi

465 640 751 703 dictator
781 640 998 703 dictus
1033 640 1321 720 auspicia
1352 640 1420 703 in
1451 640 1744 704 exercitu
1777 640 2017 705 habere
2041 639 2253 706 —lex
2310 640 2564 706 curiata

468 739 604 803 lata
636 745 736 803 est
770 739 1184 821 dictatorque
1221 740 1453 804 absens
1488 740 1722 804 dictus.

405 852 428 894 1
591 840 866 903 XLVII.
916 841 1092 902 Dum
1172 839 1330 903 haec
1410 840 1561 903 Veis
1642 840 2022 918 agebantur,
2103 839 2365 904 interim
2445 861 2562 905 arx

402 953 434 995 2
468 940 719 1004 Romae
759 939 1285 1021 Capitoliumque
1325 940 1393 1003 in
1433 939 1681 1019 ingenti
1721 939 2004 1019 periculo
2031 939 2176 1003 fuit.
2260 939 2562 1021 Namque

468 1040 654 1117 Galli,
704 1061 819 1103 seu
866 1040 1140 1120 vestigio
1188 1044 1420 1102 notato
1468 1040 1778 1115 humano,
1829 1060 1962 1120 qua
2007 1040 2278 1103 nuntius
2327 1061 2366 1104 a
2411 1040 2561 1104 Veis

465 1146 872 1220 pervenerat,
927 1160 1043 1225 seu
1093 1160 1215 1202 sua
1263 1145 1500 1219 sponte
1554 1138 2008 1202 animadverso
2062 1140 2145 1203 ad
2198 1140 2562 1204 Carmentis

466 1260 627 1303 saxo
683 1260 953 1303 ascensu
1008 1259 1236 1321 aequ0,
1293 1245 1486 1302 nocte
1539 1238 1871 1315 sublustri,
1929 1259 2080 1302 cum
2133 1239 2345 1320 primo
2368 1240 2564 1304 'iner-

467 1359 660 1418 mem,
741 1340 855 1421 qui
931 1344 1290 1420 temptaret
1368 1339 1567 1415 viam,
1647 1338 2148 1419 praemisissent,
2229 1339 2564 1404 tradentes

467 1439 617 1502 inde
677 1460 879 1517 arma,
943 1438 1057 1502 ubi
1117 1438 1274 1520 quid
1337 1438 1544 1518 iniqui
1602 1445 1791 1516 esset,
1857 1437 2088 1502 alterni
2147 1438 2355 1502 innixi
2413 1440 2565 1503 sub-

401 1553 433 1596 3
467 1538 889 1621 levantesque
933 1539 1002 1602 in
1047 1539 1256 1603 vicem
1301 1545 1368 1601 et
1413 1540 1750 1602 trahentes
1796 1537 1903 1602 alii
1950 1538 2125 1616 alios,
2174 1545 2372 1620 prout
2417 1560 2565 1621 pos-

468 1639 707 1702 tularet
772 1639 969 1716 locus,
1036 1645 1227 1702 tanto
1292 1638 1549 1702 silentio
1612 1639 1682 1701 in
1743 1659 2076 1701 summurn
2139 1659 2421 1717 evasere,
2488 1646 2566 1703 ut

467 1760 599 1801 non
664 1739 966 1803 custodes
1031 1738 1242 1802 solum
1308 1737 1626 1816 fallerent,
1693 1738 1806 1802 sed
1873 1759 1954 1801 ne
2019 1759 2210 1803 canes
2276 1739 2562 1820 quidem,

466 1839 813 1901 sollicitum
885 1839 1126 1902 animal
1196 1838 1281 1902 ad
1350 1845 1706 1903 nocturnos
1774 1839 2106 1919 strepituS,
2177 1840 2561 1903 excitarent.

402 1953 435 1996 4
467 1938 741 2002 Anseres
794 1960 927 2003 non
980 1939 1280 2016 fefellere,
1317 1939 1557 2020 quibus
1609 1938 1807 2002 sacris
1862 1939 2131 2002 Iunonis
2184 1939 2253 2001 in
2304 1959 2567 2002 summa

468 2038 687 2119 inopia
743 2039 871 2102 cibi
927 2046 1153 2103 tamen
1212 2038 1685 2102 abstinebatur.
1777 2037 1959 2114 Quae
1999 2058 2099 2101 res
2155 2038 2351 2101 saluti
2409 2038 2537 2101 fuit
2548 2059 2564 2115 ;

467 2159 750 2218 namque
832 2139 1129 2218 clangore
1210 2159 1435 2202 eorum
1521 2138 1900 2218 alarumque
1982 2138 2232 2217 crepitu
2312 2139 2568 2202 excitus

468 2237 551 2299 M.
611 2237 907 2315 Manlius»,
965 2238 1078 2319 qui
1132 2239 1410 2301 triennio
1466 2240 1620 2300 ante
1675 2237 1898 2300 consul
1952 2238 2186 2314 fuerat,
2243 2238 2344 2299 vir
2396 2237 2565 2302 bello

466 2338 774 2416 egregius,
840 2339 1035 2401 armis
1098 2339 1372 2418 arreptis
1433 2337 1626 2400 simul
1691 2336 1774 2400 ad
1839 2357 2022 2400 arma
2084 2343 2331 2401 ceteros
2393 2339 2567 2401 ciens

468 2436 672 2514 vadit,
734 2443 822 2515 et,
886 2438 1045 2500 dum
1107 2438 1303 2501 ceteri
1365 2436 1720 2517 trepidant,
1787 2437 2068 2513 Gallum,
2132 2437 2246 2517 qui
2305 2437 2437 2501 iam
2498 2438 2567 2500 in

400 2554 434 2599 5
465 2556 722 2600 summo
799 2538 1204 2613 constiterat,
1266 2537 1553 2600 umbone
1628 2537 1835 2599 ictum
1913 2537 2242 2600 deturbat.
2365 2537 2564 2600 Cuius

467 2657 653 2699 casus
732 2636 1016 2716 prolapsi
1097 2658 1246 2699 cum
1327 2637 1661 2717 proximos
1740 2642 2078 2713 sterneret,
2161 2636 2568 2717 trepidantes

467 2735 625 2799 alios
669 2737 993 2816 armisque
1036 2737 1288 2800 omissis
1331 2758 1512 2812 saxa,
1561 2737 1798 2817 quibus
1844 2736 2310 2813 adhaerebant,
2359 2737 2567 2800 mani-

465 2835 588 2899 bus
636 2835 969 2916 amplexos
1002 2836 1309 2899 trucidat.
1404 2836 1681 2917 Iamque
1727 2844 1794 2899 et
1844 2836 1951 2900 alii
2000 2836 2373 2916 congregati
2420 2836 2567 2900 telis

466 2935 944 3016 missilibusque
1014 2936 1188 2999 saxis
1259 2936 1648 3016 proturbare
1719 2937 1959 3014 hosteS,
2032 2937 2350 3018 ruinaque
2421 2942 2570 2999 tota

464 3119 592 3164 until
617 3119 703 3163 the
727 3120 893 3163 action
917 3131 1018 3163 was
1044 3121 1211 3166 taken.
1272 3122 1374 3165 But
1400 3121 1465 3165 ef.
1567 3123 1609 3166 is
1644 3126 1732 3166 not
1771 3125 1824 3165 to
1861 3123 1923 3166 be
1959 3122 2198 3178 supplied,
2223 3122 2434 3167 because
2474 3121 2570 3174 ral-
2629 3090 2633 3094 -

465 3189 510 3230 9.
544 3190 588 3230 4.
626 3189 698 3231 14.
762 3188 865 3232 The
894 3190 1060 3231 action
1092 3200 1192 3232 was
1222 3189 1466 3241 probably
1567 3191 1710 3234 terent
1737 3207 1780 3223 -
1806 3200 1904 3232 non
1926 3190 2191 3234 excitarent.

465 3255 517 3297 of
553 3265 583 3296 a
619 3265 873 3307 summary
910 3255 1178 3306 character,
1218 3256 1305 3300 the
1339 3256 1466 3307 legal
1629 3258 1680 3301 4.
1712 3258 1881 3303 mne
1915 3257 2174 3302 Iunomst
2207 3257 2286 3301 Le.
2321 3257 2437 3309 quia
2469 3267 2573 3301 sac-

466 3320 623 3363 snarls
671 3320 818 3372 being
864 3323 992 3365 later
1040 3323 1235 3366 devices
1283 3327 1336 3366 to
1385 3335 1468 3366 ex-
1567 3335 1647 3367 rae
1691 3335 1799 3367 aves
1843 3324 2049 3366 lunonis
2092 3325 2239 3367 erant.
2317 3324 2380 3368 in
2427 3353 2441 3367 .
2491 3353 2506 3368 .
2555 3353 2570 3368 .

466 3388 602 3440 pand
630 3388 715 3432 the
740 3389 851 3431 idea
877 3390 928 3431 in
957 3391 1001 3433 7.
1567 3391 1782 3442 inopia:
1806 3391 2099 3434 concessive.
2155 3391 2259 3434 The
2279 3395 2399 3435 next
2422 3391 2572 3444 chap-

533 3454 739 3499 XLVII.
773 3457 824 3498 2.
858 3464 995 3507 qua:
1017 3467 1084 3500 sc.
1109 3458 1255 3508 parte.
1299 3458 1468 3502 estet:
1569 3462 1645 3501 ter
1673 3458 1841 3501 dwells
1871 3468 2005 3509 upon
2036 3458 2121 3500 the
2150 3458 2349 3501 famine.
2411 3458 2572 3503 Man·

468 3522 709 3572 iteratlve,
755 3533 809 3565 as
849 3523 891 3566 is
930 3524 1185 3574 postularet
1231 3525 1319 3575 (3).
1393 3524 1470 3568 al·
1567 3525 1702 3569 lius:
1744 3524 2008 3575 according
2047 3528 2100 3567 to
2139 3524 2267 3568 later
2308 3524 2572 3568 tradItiorls

467 3589 612 3634 terni
655 3618 669 3632 .
710 3618 724 3632 .
764 3618 778 3632 .
813 3589 975 3633 anon
1013 3591 1162 3633 “now
1197 3591 1468 3643 supported
1568 3591 1632 3635 he
1654 3602 1754 3634 was
1777 3591 2332 3635 commander-in-chief.
2387 3591 2572 3635 ictum

468 3655 537 3709 by
568 3656 709 3699 those
740 3655 969 3706 beneath‚
1003 3667 1059 3699 or
1088 3658 1139 3701 ln
1172 3660 1290 3701 turn
1320 3658 1470 3709 push-
1570 3658 1861 3702 deturbat:
1895 3658 2105 3701 “struck
2135 3658 2234 3701 and
2266 3657 2572 3709 dislodged.''

467 3723 553 3772 ing
589 3723 716 3764 from
753 3721 923 3773 below,
965 3721 1064 3766 and
1101 3723 1341 3774 dragglng
1376 3734 1471 3767 one
1635 3727 1683 3769 ⁶.
1720 3725 1888 3770 culus
1916 3754 1930 3768 .
1962 3753 1977 3768 .
2009 3753 2023 3767 .
2046 3724 2314 3777 prolapsi:
2344 3724 2459 3767 “his
2486 3723 2572 3768 tall

469 3788 677 3831 another
700 3788 897 3838 along.’'
1571 3802 1627 3834 as
1651 3791 1714 3834 he
1740 3791 1965 3835 tumbled
1991 3791 2188 3836 down.”
2247 3791 2492 3835 omissis:
2520 3807 2564 3825 -

533 3856 582 3898 8.
616 3863 734 3898 non
761 3884 775 3898 .
803 3884 816 3897 .
846 3885 859 3898 .
883 3855 1094 3899 solum:
1117 3867 1148 3898 a
1170 3856 1349 3899 second
1372 3867 1470 3899 non
1573 3858 1777 3901 abiectis.
2340 3852 2346 3860 '
