2975 4367
338 272 453 325 xix,
494 269 580 336 16]
1204 268 1441 321 LIBER
1476 268 1567 321 IX
2333 271 2441 326 159

338 454 408 519 in
450 472 644 533 opere
689 452 833 533 quis
879 471 997 531 par
1033 450 1332 512 Romano
1380 448 1600 513 miles?
1687 450 1846 526 Quis
1893 450 1975 515 ad
2022 450 2434 515 tolerandum

339 553 628 618 laborem
692 552 951 614 melior?
1056 551 1205 613 Uno
1267 551 1511 632 proelio
1576 552 1789 614 victus
1839 551 2206 614 Alexander
2266 552 2435 614 bello

341 654 555 717 victus
602 658 771 715 esset
781 672 797 728 ς
848 652 1242 727 Romanum,
1294 671 1491 732 quem
1539 651 1878 727 Caudium,
1930 671 2124 731 quem
2172 652 2434 715 Cannae

245 763 306 806 10
341 775 473 816 non
511 752 859 830 fregerunt,
892 771 1060 830 quae
1098 750 1390 828 fregisset
1430 751 1634 813 acies?
1714 750 1811 813 Ne
1849 751 1951 813 ille
1987 771 2200 830 saepe,
2229 751 2430 813 etiam

339 854 394 916 si
427 852 640 931 prima
673 870 975 931 prospere
1007 851 1395 926 evenissent,
1432 851 1661 913 Persas
1682 857 1749 913 et
1774 850 1973 913 Indos
2005 857 2072 913 et
2106 850 2432 913 imbellem

342 953 563 1014 Asiam
630 951 1006 1032 quaesisset,
1073 957 1140 1013 et
1207 971 1354 1013 cum
1422 950 1679 1013 feminis
1743 951 1866 1013 sibi
1931 950 2171 1012 bellum
2236 950 2434 1013 fuisse

245 1062 299 1104 1¹
340 1051 631 1127 dixisset,
685 1050 859 1131 quod
915 1050 1093 1130 Epiri
1143 1071 1357 1129 regem
1409 1049 1876 1126 Alexandrum,
1908 1050 2242 1113 mortifero
2294 1050 2436 1112 vul-

342 1171 492 1213 nere
527 1151 752 1226 ictum,
783 1149 1020 1212 dixisse
1063 1150 1299 1226 ferunt,
1344 1157 1590 1213 sortem
1634 1149 1949 1212 bellorum
1990 1151 2060 1212 in
2102 1150 2258 1213 Asia
2299 1171 2436 1228 ges-

246 1262 308 1303 12
341 1256 560 1313 torum
605 1250 688 1312 ab
730 1249 851 1312 hoc
894 1249 1034 1328 ipso
1077 1250 1310 1313 iuvene
1353 1271 1502 1312 cum
1545 1270 1667 1312 sua
1707 1250 2167 1313 conferentem.
2235 1250 2436 1330 Equi-

341 1351 511 1427 dem,
562 1370 711 1412 cum
758 1370 873 1430 per
920 1369 1124 1412 annos
1171 1356 1487 1429 quattuor
1532 1357 1600 1413 et
1649 1350 1881 1429 viginti
1927 1351 2137 1430 primo
2185 1350 2432 1413 Punico

342 1450 509 1513 bello
538 1450 847 1512 classibus
874 1456 1198 1512 certatum
1224 1470 1374 1511 cum
1400 1451 1634 1514 Poenis
1659 1449 1976 1527 recordor,
2006 1451 2119 1512 vix
2146 1456 2432 1513 aetatem

246 1561 307 1603 13
341 1549 692 1612 Alexandri
733 1550 1154 1611 suffecturam
1200 1549 1395 1612 fuisse
1437 1571 1580 1612 reor
1618 1550 1700 1613 ad
1746 1570 1951 1612 unum
2025 1549 2264 1612 bellum
2277 1570 2293 1626 ;
2366 1555 2432 1613 et

342 1650 636 1724 forsitan,
692 1669 841 1711 cum
892 1655 960 1712 et
1011 1648 1378 1712 foederibus
1430 1652 1708 1714 vetustis
1758 1650 1987 1713 iuncta
2034 1670 2133 1712 res
2185 1650 2436 1712 Punica

343 1748 682 1812 Romanae
724 1756 913 1825 esset,
959 1754 1028 1811 et
1073 1749 1270 1812 timor
1312 1770 1432 1829 par
1476 1750 1784 1813 adversus
1830 1770 2242 1814 communem
2288 1749 2437 1811 hos-

341 1854 477 1912 tem
533 1849 697 1912 duas
751 1849 1237 1930 potentissimas
1292 1850 1488 1912 armis
1545 1850 1824 1929 virisque
1879 1850 2071 1913 urbes
2127 1855 2430 1925 armaret,

245 1961 305 2002 14
339 1946 531 2012 simul
608 1950 853 2012 Punico
930 1950 1359 2029 Romanoque
1433 1950 1710 2013 obrutus
1782 1950 1949 2013 bello
2007 1956 2194 2013 esset.
2286 1948 2436 2011 Non

341 2049 608 2131 quidem
653 2049 1023 2112 Alexandro
1066 2048 1230 2111 duce
1273 2070 1390 2112 nec
1435 2049 1703 2128 integris
1748 2050 2176 2112 Macedonum
2219 2049 2432 2124 rebus,

341 2150 453 2214 sed
519 2149 772 2229 experti
837 2155 1059 2212 tamen
1123 2156 1278 2212 sunt
1345 2150 1629 2212 Romani
1696 2149 2114 2212 Macedonem
2179 2149 2435 2211 hostem

344 2250 653 2313 adversus
693 2249 1111 2326 Antiochum,
1152 2250 1548 2329 Philippum,
1590 2249 1845 2325 Persen,
1884 2270 2015 2311 non
2053 2248 2248 2311 modo
2286 2269 2434 2310 cum

247 2363 307 2406 15
344 2349 527 2413 clade
555 2351 706 2426 ulla,
738 2350 850 2413 sed
881 2370 961 2412 ne
991 2370 1139 2411 cum
1169 2349 1452 2429 periculo
1483 2349 1746 2429 quidem
1776 2369 1914 2411 suo.
1969 2348 2159 2411 Absit
2187 2348 2436 2410 invidia

345 2451 544 2513 verbo
577 2457 644 2513 et
680 2450 895 2513 civilia
928 2449 1096 2511 bella
1129 2449 1388 2512 sileant:
1456 2468 1817 2528 numquam
1854 2448 1938 2510 ab
1971 2449 2191 2528 equite
2225 2449 2431 2522 hoste,

342 2571 704 2631 numquam
762 2572 803 2614 a
855 2549 1094 2630 pedite,
1154 2548 1517 2629 numq‘uam
1574 2554 1802 2627 aperta
1858 2549 2012 2624 acie,
2074 2567 2434 2627 numquam

343 2651 586 2731 aequiS,
668 2651 896 2730 utique
975 2668 1337 2728 numquam
1417 2649 1655 2711 nostris
1734 2647 1888 2711 locis
1969 2647 2409 2710 laboravimus
2419 2666 2436 2723 3

248 2766 309 2808 ιο
340 2751 651 2831 equitem,
709 2749 1004 2828 sagittas,
1062 2748 1270 2811 saltus
1325 2747 1694 2827 impeditos,
1756 2748 1906 2811 avia
1964 2746 2439 2810 commeatibus

341 3065 442 3097 was
476 3065 506 3097 a
540 3057 669 3097 most
706 3052 936 3102 crushing
969 3051 1133 3095 defeat
1169 3052 1221 3094 in
1256 3051 1341 3095 the
1504 3052 1583 3094 15.
1617 3051 1779 3095 Absit
1800 3051 2015 3094 invidia
2037 3051 2229 3095 verbo:
2260 3051 2368 3094 “let
2399 3051 2440 3094 it

342 3122 440 3165 2nd
469 3122 623 3164 Punic
648 3131 763 3164 war.
823 3119 925 3163 The
962 3119 1159 3161 Roman
1192 3118 1343 3161 losses
1438 3117 1502 3160 be
1529 3118 1634 3160 said
1656 3118 1866 3161 without
1889 3118 2070 3168 envy‚”
2098 3118 2176 3161 i.e.
2206 3118 2293 3160 the
2320 3118 2443 3168 gods

243 3186 248 3189 '
341 3200 468 3232 were
517 3187 765 3239 variously
818 3190 910 3240 put
962 3189 1015 3229 at
1065 3187 1240 3234 50.000
1289 3188 1344 3228 to
1438 3186 1596 3235 might
1637 3185 1700 3231 be
1739 3184 1966 3228 offended
2007 3184 2077 3236 by
2116 3183 2306 3233 boasts;
2347 3184 2440 3228 but

344 3257 531 3305 ¹70,000.
590 3256 661 3298 Cf.
690 3257 764 3298 22.
791 3256 867 3298 50.
894 3255 939 3297 3.
1440 3254 1648 3295 obvious
1677 3252 2024 3302 exaggeration
2052 3250 2254 3293 follows,
2316 3259 2443 3294 nos-

406 3323 485 3366 10.
517 3324 618 3367 No:
642 3323 732 3364 “in
755 3321 946 3365 truth.''
1440 3320 1567 3363 tris:
1614 3318 1957 3362 “favorable.''
2033 3316 2441 3362 laboravimuc:

406 3391 484 3437 11.
518 3399 644 3434 sua:
697 3400 762 3432 sc.
785 3391 902 3431 sorte
926 3389 983 3431 in
1008 3388 1169 3433 Italia.
1443 3386 1613 3430 “have
1678 3396 1752 3429 we
1818 3382 2029 3427 suffered
2097 3383 2359 3431 disaster;''
2388 3400 2432 3417 ε-

405 3459 485 3501 12.
518 3456 808 3500 classibus:
836 3455 922 3498 the
953 3457 1026 3498 lst
1056 3455 1214 3498 Punic
1240 3465 1343 3497 war
1440 3454 1552 3497 victi
1575 3463 1804 3496 summus.

341 3538 466 3578 gave
490 3526 648 3568 Rome
670 3534 961 3575 supremacy
985 3532 1054 3565 on
1079 3521 1165 3566 the
1191 3522 1342 3564 Medi·
1505 3522 1584 3564 1⁶.
1618 3521 1887 3572 equitem,
1917 3519 2182 3570 sagittas:
2207 3519 2444 3570 referring

342 3597 615 3637 terranean.
692 3591 763 3634 Cf.
809 3592 885 3634 21.
934 3590 976 3633 1.
1019 3591 1067 3633 5.
1142 3588 1341 3633 tuneo·
1440 3591 1496 3631 to
1540 3588 1627 3631 the
1671 3587 1934 3631 Parthians
1977 3586 2140 3628 whose
2183 3585 2440 3628 horsemen

341 3662 537 3705 turam
585 3659 784 3703 nuno:
834 3656 1094 3706 suffecisset
1143 3656 1196 3699 in
1247 3655 1339 3699 dir.
1440 3654 1727 3705 discharged
1763 3654 1974 3696 showers
2007 3654 2059 3695 ot
2093 3663 2272 3694 arrows
2305 3663 2440 3704 upon

340 3728 460 3772 disc.
1441 3722 1528 3765 the
1541 3721 1826 3771 legionaries
1843 3720 1941 3763 and
1959 3720 2080 3763 then
2095 3718 2281 3762 dashed
2297 3729 2440 3771 away

405 3796 484 3839 1³.
518 3793 788 3838 armaret:
815 3792 988 3835 “must
1016 3790 1147 3835 have
1171 3789 1339 3834 armed
1439 3788 1562 3831 with
1586 3788 1863 3831 “Parthian
1885 3787 2056 3830 shots''
2079 3785 2261 3829 behind
2284 3785 2439 3830 them.

339 3864 477 3913 them
488 3863 532 3915 ;”
558 3863 742 3921 jussive
767 3859 1101 3915 subjunctive.
1441 3856 1621 3903 saltus
1649 3854 1974 3911 impomtosz
2004 3854 2066 3900 cf.
2098 3855 2142 3898 2.
2176 3854 2220 3900 7.
