2975 4367
374 251 470 306 nv.
514 249 600 317 ιο]
1282 249 1521 302 LIBER
1555 248 1584 302 1
2398 253 2469 307 67

305 442 336 485 3
371 432 510 495 dux
558 430 642 495 ad
689 430 999 494 ultimum
1049 429 1197 492 belli
1245 427 1498 509 legitur.
1589 428 1691 492 Ibi
1740 450 1888 493 cum
1936 431 2136 495 inscia
2173 434 2469 499 multitu-

372 531 542 608 dine,
586 531 743 612 quid
784 537 1102 610 ageretur,
1143 529 1386 609 proelia
1425 551 1633 609 parva
1669 531 1840 594 inter
1879 532 2161 596 Romam
2200 533 2469 599 Gabios-

373 651 499 713 que
542 633 791 707 fierent,
822 630 1060 711 quibus
1100 630 1483 710 plerumque
1522 630 1779 694 Gabina
1815 650 1914 694 res
1951 633 2240 711 superior
2275 643 2465 711 esset,

372 738 516 794 tum
580 729 880 793 certatim
941 729 1180 793 summi
1240 728 1578 811 infimique
1640 729 2042 794 Gabinorum
2106 734 2249 796 Sex.
2313 719 2468 799 Tar-

306 844 336 883 4
370 831 668 912 quinium
700 829 872 892 dono
910 829 1106 891 deum
1150 827 1272 892 sibi
1301 830 1587 899 missum
1631 830 1864 891 ducem
1910 831 2182 896 credere.
2272 836 2462 915 Apud

372 930 609 994 milites
659 949 812 992 vero
861 929 1163 992 obeundo
1212 929 1500 1008 pericula
1549 950 1623 992 ac
1674 929 1926 993 labores
1973 934 2234 1012 pariter,
2285 953 2466 1014 prae-

370 1031 525 1094 dam
563 1030 865 1093 munifice
903 1029 1233 1109 largiendo
1271 1037 1462 1093 tanta
1500 1031 1773 1098 caritate
1808 1051 1965 1108 esse,
2001 1039 2080 1095 ut
2115 1055 2245 1096 non
2280 1041 2467 1115 pater

370 1130 762 1212 Tarquinius
818 1130 1150 1210 potentior
1207 1131 1459 1193 Romae
1517 1150 1717 1210 quam
1775 1131 1943 1194 filius
1998 1133 2221 1197 Gabiis
2274 1142 2461 1198 esset.

303 1247 334 1287 5
497 1231 733 1312 Itaque
788 1237 1142 1311 postquam
1197 1231 1359 1293 satis
1413 1231 1650 1292 virium
1708 1231 2049 1295 collectum
2106 1233 2189 1296 ad
2242 1255 2466 1298 omnes

371 1338 646 1394 conatus
687 1330 976 1407 videbat,
1018 1336 1164 1393 tum
1203 1350 1286 1392 ex
1324 1331 1456 1394 suis
1498 1351 1701 1393 unum
1741 1331 2143 1395 sciscitatum
2184 1333 2464 1397 Romam

371 1432 455 1495 ad
513 1438 772 1513 patrem
832 1430 1062 1507 mittit,
1125 1430 1441 1510 quidnam
1501 1450 1569 1493 se
1629 1430 1838 1492 facere
1898 1431 2113 1509 vellet,
2175 1434 2466 1514 quando-

371 1531 656 1614 quidem,
704 1539 783 1595 ut
829 1530 1052 1594 omnia
1096 1550 1268 1594 unus
1315 1530 1539 1594 Gabiis
1585 1539 1825 1610 posset,
1874 1531 1932 1594 ei
1977 1531 2068 1594 dii
2114 1531 2461 1597 dedissent.

305 1647 335 1689 6
372 1633 541 1694 Huic
597 1631 851 1707 nuntiO,
909 1630 1085 1712 quia,
1142 1630 1353 1707 cred0‚
1399 1629 1638 1693 dubiae
1693 1631 1840 1692 fidei
1886 1631 2250 1710 videbatur,
2307 1633 2465 1697 nihil

372 1752 529 1795 voce
573 1750 956 1812 responsum
999 1737 1120 1794 est.
1210 1732 1356 1794 Rex
1399 1729 1580 1794 velut
1625 1730 2168 1796 deliberabundus
2211 1733 2279 1797 in
2322 1734 2467 1797 hor-

373 1840 516 1895 tum
557 1832 818 1895 aedium
859 1831 1096 1894 transit
1136 1830 1431 1911 sequenti
1475 1831 1707 1893 nuntio
1749 1830 1860 1891 filii
1871 1854 1887 1908 ;
1925 1831 2015 1893 ibi
2053 1831 2466 1898 inambulans

373 1933 612 1997 tacitus
657 1953 918 1997 summa
963 1951 1370 2012 papaverum
1418 1931 1637 2010 capita
1683 1930 1921 1994 dicitur
1967 1930 2198 1996 baculo
2243 1933 2468 1997 decus-

306 2054 335 2094 7
369 2033 541 2096 sisse.
633 2031 1107 2111 Interrogando
1158 2030 1697 2110 expectandoque
1759 2051 2137 2110 responsum
2198 2035 2468 2098 nuntius

374 2134 596 2211 fessus,
637 2141 714 2196 ut
755 2153 822 2194 re
862 2132 1266 2212 imperfecta,
1308 2129 1477 2193 redit
1518 2129 1786 2202 Gabios:
1827 2151 1993 2211 quae
2034 2132 2269 2196 dixerit
2307 2134 2465 2215 ipse,

373 2253 669 2316 quaeque
725 2232 984 2309 viderit,
1041 2232 1263 2294 refert:
1317 2250 1429 2294 seu
1483 2230 1579 2293 ira
1632 2250 1743 2294 seu
1799 2231 1948 2294 odio
2000 2252 2110 2296 seu
2165 2234 2468 2313 superbia

308 2354 339 2395 8
372 2334 569 2398 insita
613 2333 873 2413 ingenio
921 2332 1169 2395 nullam
1215 2351 1366 2393 eum
1415 2350 1642 2393 vocem
1690 2332 1992 2395 emisisse.
2087 2334 2284 2396 Sexto
2330 2335 2464 2411 ubi,

375 2433 532 2514 quid
592 2434 788 2497 vellet
847 2453 1084 2513 parens
1144 2431 1385 2511 quidve
1444 2431 1844 2511 praeciperet
1904 2433 2122 2496 tacitis
2182 2434 2469 2514 ambagi-

376 2533 515 2611 bus,
578 2535 818 2614 patuit,
883 2533 1198 2613 primores
1260 2530 1549 2594 civitatis
1610 2530 2011 2594 criminando
2075 2533 2230 2596 alios
2292 2534 2466 2614 apud

374 2634 710 2714 populum,
765 2634 924 2696 alios
973 2652 1093 2696 sua
1141 2631 1317 2710 ipsos
1366 2629 1615 2692 invidia
1663 2638 2067 2709 opportunos
2116 2633 2462 2698 interemit.
2485 2627 2498 2644 ⁸

311 2756 342 2797 9
378 2734 566 2797 Multi
615 2733 856 2814 palam,
909 2731 1200 2812 quidam,
1253 2731 1320 2793 in
1372 2730 1610 2811 quibus
1661 2730 1874 2794 minus
1923 2732 2210 2811 speciosa
2261 2733 2468 2795 crimi-

380 2834 557 2897 natio
623 2841 765 2897 erat
831 2833 1076 2908 futura,
1139 2832 1306 2894 clam
1374 2830 1720 2893 interfecti.
1810 2831 2038 2894 Patuit
2075 2832 2466 2912 quibusdam

381 2934 750 2998 volentibus
787 2934 962 3012 fuga,
1003 2932 1110 2995 alii
1147 2932 1213 2995 in
1250 2930 1550 2994 exsilium
1591 2929 1718 2993 acti
1755 2938 1929 3006 sunt,
1971 2931 2468 3014 absentiumque

283 3057 343 3098 10
381 3033 551 3097 bona
602 3033 793 3097 iuxta
847 3041 1048 3114 atque
1103 3033 1647 3110 interemptorum
1684 3030 1921 3094 divisui
1957 3032 2152 3094 fuere.
2253 3033 2470 3112 Largi-

442 3190 490 3232 s.
524 3188 788 3232 certatim
826 3218 839 3232 .
878 3218 892 3231 .
933 3218 946 3231 .
981 3187 1222 3232 credere:
1257 3199 1310 3230 as
1343 3188 1381 3230 if
1480 3185 1567 3230 the
1613 3185 1771 3229 whole
1815 3190 1952 3237 story
2004 3187 2045 3229 is
2097 3185 2290 3238 applied
2343 3187 2470 3230 from

380 3257 532 3308 vying
547 3257 670 3302 with
687 3257 807 3300 each
826 3256 968 3299 other
984 3257 1035 3298 in
1054 3257 1140 3299 the
1158 3255 1379 3304 strength
1482 3253 1764 3296 Herodotus
1796 3256 1840 3295 5.
1872 3256 1947 3296 92.

381 3326 433 3366 ot·
463 3325 588 3368 their
619 3325 779 3368 belief.
844 3325 1016 3367 dono:
1047 3325 1186 3366 instr.
1220 3324 1317 3366 abl.
1545 3323 1593 3364 ’1.
1625 3321 1797 3364 insita
1823 3321 2072 3372 ingenio:
2103 3321 2359 3366 “innata'’

444 3394 493 3436 6.
527 3392 594 3436 ut
632 3421 645 3434 .
684 3422 697 3435 .
736 3421 749 3434 .
783 3390 994 3443 posset:
1028 3391 1183 3432 subst.
1219 3390 1381 3432 clause
1544 3389 1593 3430 8.
1629 3388 1813 3431 tacitas
1874 3388 2229 3439 ambagibus:
2289 3388 2469 3432 “silent

386 3459 512 3501 after
558 3460 805 3502 dedissent.
890 3458 1081 3501 omnia
1130 3465 1304 3500 unus:
1354 3467 1384 3498 a
1481 3455 1839 3497 intimations.”
1920 3464 2024 3498 sua
2078 3485 2091 3498 .
2147 3485 2161 3498 .
2216 3484 2230 3498 .
2282 3463 2472 3507 oppor-

386 3526 609 3574 frequent
652 3526 1009 3568 combination:
1050 3525 1111 3567 he
1151 3535 1250 3565 was
1291 3533 1384 3566 one
1482 3523 1679 3565 tuneo:
1718 3522 1942 3572 “readily
1965 3522 2221 3572 suggested
2257 3523 2323 3574 by
2346 3523 2472 3566 their

384 3602 499 3636 man
531 3592 596 3635 all
629 3592 878 3643 powerful.
945 3594 1018 3636 01:
1053 3592 1126 3632 for
1158 3590 1263 3635 sibi.
1301 3590 1383 3633 be-
1481 3600 1593 3631 own
1615 3589 2016 3640 unpopularity.”

385 3669 529 3701 cause
556 3658 681 3700 from
711 3658 795 3701 the
821 3657 1136 3707 messenger's
1164 3657 1302 3708 point
1334 3657 1385 3698 of
1545 3656 1595 3698 9.
1629 3654 1971 3701 volentlbutt
2013 3656 2132 3699 with
2176 3656 2471 3699 conditional

386 3726 523 3768 view.
1484 3723 1629 3765 force.
1696 3722 1855 3765 iuxta.
1881 3723 2075 3774 atque:
2113 3723 2205 3766 “as
2232 3724 2336 3767 well
2369 3724 2473 3766 as,”

450 3794 497 3834 e.
532 3791 1025 3838 deliber-abundum
1070 3802 1148 3835 see
1192 3790 1381 3834 Introd.
1483 3790 1691 3834 divisui
1750 3788 1929 3833 tuere:
1963 3808 2003 3821 ==
2031 3790 2329 3836 diffiduntur:
2397 3801 2473 3837 see

390 3860 446 3905 V.
473 3863 515 3904 2.
537 3872 575 3906 e.
641 3867 868 3905 summa
941 3888 955 3904 .
1016 3887 1030 3902 .
1091 3887 1105 3902 .
1174 3857 1382 3909 capita:
1484 3856 1673 3903 Introd.
1701 3858 1757 3900 v.
1787 3860 1825 3899 1.
1855 3858 1894 3899 b.
1927 3859 2012 3907 (2).
