2975 4367
545 228 647 282 120
1148 272 1152 277 .
1458 222 1525 278 T.
1560 223 1720 278 LIVI
2428 222 2565 290 [xlii.
2602 228 2637 281 6

479 421 509 466 7
543 408 743 473 cladis
820 406 1091 470 alicuius
1165 403 1537 485 spectaculo
1615 412 1910 469 cessaret.
2002 404 2177 467 Nihil
2253 412 2475 470 tamen
2530 413 2634 471 tot

544 507 797 571 onerati
845 513 1045 587 atque
1091 505 1312 569 obruti
1360 503 1547 569 malis
1596 505 1914 569 flexerunt
1964 506 2233 582 animOS,
2285 506 2461 588 quin,
2511 509 2634 570 etsi
2707 542 2713 548 ·

545 608 767 671 omnia
831 606 1110 669 fiammis
1176 626 1250 669 ac
1315 604 1519 668 ruinis
1585 611 1869 686 aequat-a
1933 605 2267 682 vidissent,
2337 608 2639 687 quamvis

546 708 806 787 inopem
876 702 1306 788 parvumque,
1379 724 1575 786 quem
1646 705 1980 782 tenebant,
2054 705 2281 769 collem
2351 704 2639 770 libertati

482 821 514 864 8
545 807 844 871 relictum
894 806 1141 869 virtute
1186 804 1611 868 defenderent
1621 825 1638 882 ;
1687 811 1755 867 et
1802 805 1954 882 iam,
2006 826 2154 868 cum
2202 806 2431 869 eadem
2480 807 2642 870 coti-

547 908 651 970 die
712 903 1097 982 acciderent,
1160 904 1341 968 velut
1402 904 1657 968 adsueti
1717 904 1903 968 malis
1963 904 2494 969 abalienaverant
2554 907 2639 970 ab
2684 904 2690 912 “

545 1028 739 1072 sensu
792 1026 1008 1070 rerum
1062 1025 1328 1069 suarum
1385 1005 1656 1081 animos,
1715 1025 1898 1068 arma
1950 1011 2214 1068 tantum
2270 1005 2641 1088 ferrumque

548 1108 615 1170 in
658 1105 906 1170 dextris
952 1105 1133 1169 velut
1177 1104 1347 1168 solas
1390 1103 1694 1184 reliquias
1738 1105 1875 1184 spei
1918 1126 2074 1168 suae
2118 1105 2465 1169 intuentes.
2631 1160 2636 1164 .

488 1221 512 1263 1
674 1206 927 1269 XLIII.
976 1203 1144 1268 Galli
1184 1225 1464 1286 quoque,
1506 1223 1623 1284 per
1661 1203 1909 1285 aliquot
1949 1204 2086 1267 dies
2122 1205 2191 1267 in
2230 1211 2410 1269 tecta
2446 1206 2644 1271 modo

549 1306 728 1370 urbis
790 1304 1192 1386 nequiquam
1256 1302 1424 1367 bello
1489 1309 1691 1382 gest0,
1760 1324 1909 1366 cum
1971 1304 2143 1367 inter
2204 1305 2505 1368 incendia
2569 1327 2644 1369 ac

549 1406 770 1470 ruinas
842 1411 1074 1485 captae
1146 1403 1324 1468 urbis
1395 1403 1555 1467 nihil
1626 1423 1957 1482 superesse
2028 1411 2287 1484 praeter
2358 1411 2646 1468 armatos

551 1507 771 1570 hostes
831 1505 1147 1581 viderent,
1211 1524 1630 1585 nequaquam
1690 1509 1793 1566 tot
1854 1502 2146 1567 cladibus
2205 1505 2467 1568 territos
2526 1526 2644 1568 nec

552 1607 830 1669 flexuros
908 1605 992 1668 ad
1070 1604 1471 1667 deditionem
1552 1603 1803 1667 animos
1881 1603 1947 1666 ni
2027 1603 2125 1667 vis
2205 1604 2642 1681 adhiberetur,

493 1773 498 1778 ,
550 1705 827 1786 experiri
879 1704 1115 1768 ultima
1165 1710 1233 1767 et
1285 1704 1610 1784 impetum
1664 1704 1873 1766 facere
1926 1703 1993 1766 in
2048 1723 2261 1768 arcem
2313 1710 2640 1767 statuunt.

488 1820 519 1863 2
553 1805 773 1869 Prima
802 1805 944 1868 luce
975 1805 1158 1883 signo
1188 1803 1351 1868 dato
1382 1803 1742 1866 multitudo
1768 1804 1981 1867 omnis
2011 1803 2080 1866 in
2111 1804 2251 1868 foro
2272 1804 2621 1867 instruitur
2629 1825 2646 1882 3

551 1904 703 1986 inde
736 1904 1015 1967 clamore
1047 1903 1308 1967 sublato
1344 1924 1417 1966 ac
1451 1903 1783 1966 testudine
1811 1903 1990 1966 facta
2014 1904 2317 1967 subeunt.
2397 1903 2650 1966 Adver-

551 2025 661 2068 sus
716 2025 879 2085 quos
936 2004 1219 2067 Romani
1273 2002 1432 2066 nihil
1488 2009 1732 2066 temere
1787 2023 1904 2065 nec
1960 2003 2211 2083 trepide
2220 2023 2237 2081 ;
2295 2003 2378 2066 ad
2433 2004 2647 2066 omnis

553 2104 771 2168 aditus
833 2104 1229 2167 stationibus
1292 2103 1588 2179 firmatiS,
1639 2122 1790 2183 -qua
1849 2103 2035 2182 signa
2094 2102 2245 2166 ferri
2309 2102 2647 2179 videbant,

552 2225 631 2268 ea
692 2203 922 2267 robore
987 2203 1273 2265 virorum
1338 2203 1642 2282 opposito
1705 2202 2014 2265 scandere
2078 2202 2335 2266 hostem
2398 2202 2647 2278 sinunt,

553 2325 684 2386 quo
743 2304 1120 2368 successerit
1181 2303 1387 2382 magis
1446 2302 1515 2364 in
1577 2301 1874 2378 arduum,
1937 2321 2015 2365 eo
2074 2300 2225 2383 pelli
2284 2322 2473 2382 posse
2534 2323 2652 2383 per

489 2420 520 2462 3
551 2403 836 2484 proclive
886 2402 1136 2466 facilius
1183 2403 1329 2466 rati.
1421 2402 1635 2464 Medio
1684 2402 1815 2464 fere
1865 2400 2034 2465 clivo
2080 2401 2395 2478 restitere,
2448 2407 2652 2484 atque

551 2503 703 2567 inde
744 2524 827 2567 ex
868 2502 1010 2566 loco
1051 2502 1397 2582 superiore,
1444 2502 1558 2582 qui
1600 2521 1801 2581 prope
1842 2523 1962 2565 sua
2002 2509 2237 2581 sponte
2280 2501 2349 2566 in
2390 2501 2650 2566 hostem

553 2603 894 2680 inferebat,
950 2603 1203 2683 impetu
1257 2602 1432 2665 facto
1486 2608 1705 2681 strage
1759 2622 1832 2664 ac
1887 2603 2076 2664 ruina
2127 2601 2352 2665 fudere
2406 2602 2648 2678 Gallos»,

554 2710 629 2767 ut
668 2722 1032 2784 numquam
1072 2708 1303 2783 postea
1340 2722 1457 2764 nec
1499 2720 1649 2780 pars
1690 2722 1806 2763 nec
1847 2701 2133 2765 universi
2172 2703 2650 2782 temptaverint

490 2822 520 2862 4
553 2802 685 2867 tale
736 2823 995 2884 pugnae
1047 2822 1266 2881 genus
1358 2801 1616 2864 Omissa
1666 2800 1891 2880 itaque
1942 2821 2056 2882 spe
2109 2821 2226 2882 per
2260 2801 2396 2864 vim
2451 2808 2651 2883 atque

555 2924 739 2967 arma
779 2902 1121 2979 subeundi,
1167 2901 1571 2964 obsidionem
1615 2906 1873 2980 parant,
1921 2902 2103 2964 cuius
2148 2900 2231 2964 ad
2275 2901 2342 2963 id
2387 2908 2652 2983 tempus

554 2986 963 3066 immemores
1002 3008 1069 3065 et
1111 3001 1285 3083 quod
1327 3001 1394 3063 in
1435 3000 1594 3063 urbe
1635 3000 1848 3063 fuerat
1890 3000 2296 3064 frumentum
2337 3001 2652 3064 incendiis

555 3104 733 3167 urbis
764 3103 1282 3183 absumpserant,
1315 3107 1383 3164 et
1412 3120 1497 3163 ex
1527 3099 1696 3179 agris
1726 3120 1842 3179 per
1870 3120 1980 3163 eos
2009 3100 2185 3180 ipsos
2215 3101 2354 3164 dies
2382 3107 2652 3181 raptum

491 3223 522 3265 5
554 3223 747 3266 omne
796 3203 989 3265 Veios
1056 3208 1215 3265 erat.
1307 3200 1519 3279 Igitur
1585 3199 1876 3263 exercitu
1942 3199 2154 3263 diviso
2222 3200 2466 3281 partim
2535 3221 2652 3278 per

556 3303 868 3365 finitimos
948 3300 1224 3383 populos
1305 3298 1605 3382 praedari
1687 3298 1954 3380 placuit,
2038 3300 2279 3380 partim
2360 3300 2655 3364 obsidere

618 3558 668 3600 7.
701 3555 1042 3600 et=12=etiam
1070 3555 1131 3600 si.
1192 3554 1445 3600 libertati
1473 3563 1554 3597 10-
1715 3556 1767 3597 2.
1801 3562 1937 3605 qua:
1963 3565 2030 3597 sc.
2058 3555 2212 3605 parte:
2235 3553 2462 3597 resumed
2488 3555 2559 3606 by
2583 3565 2654 3598 ea.

555 3623 783 3667 lictum:
806 3623 884 3668 Le.
908 3634 964 3666 as
985 3624 1072 3666 the
1093 3623 1213 3676 only
1234 3621 1374 3675 place
1394 3621 1556 3665 where
1655 3629 1769 3672 quo
1808 3650 1824 3665 .
1865 3650 1880 3666 .
1921 3651 1936 3666 .
1972 3621 2219 3665 1301111181
2278 3620 2406 3664 “1110
2464 3618 2657 3672 greater

556 3690 737 3741 liberty
759 3690 918 3740 might
942 3691 1155 3734 survive.
1655 3689 1823 3739 height
1865 3689 1988 3742 they
2027 3688 2217 3740 gained,
2260 3688 2348 3732 the
2387 3689 2541 3732 easier
2581 3690 2658 3732 for

622 3757 811 3800 XLIII.
847 3758 896 3801 1.
928 3757 1160 3808 experiri
1194 3757 1425 3803 ultima}
1460 3758 1557 3801 “to
1657 3758 1793 3800 them
1811 3761 1865 3801 to
1882 3757 1944 3801 be
1957 3756 2182 3808 repulsed
2200 3754 2347 3799 down
2363 3755 2450 3800 the
2466 3756 2657 3808 810011.υ

558 3828 712 3867 resort
742 3827 796 3867 to
823 3829 1042 3868 extreme
1070 3825 1368 3869 measuresss'
1720 3826 1769 3868 8.
1803 3824 2236 3876 temptaverint:
2256 3835 2337 3868 see
2355 3835 2422 3867 on
2447 3824 2488 3868 1.
2515 3824 2588 3868 16.
2614 3824 2655 3868 1.
