2975 4367
585 268 688 322 158
1481 266 1547 319 Τ,
1584 266 1745 319 LIVI
2468 265 2605 330 [xiX.
2642 269 2679 321 3

584 469 789 513 annos
837 448 904 510 in
957 448 1238 525 Etruria,
1291 448 1358 511 in
1409 448 1685 512 Umbria
1734 448 1933 512 Gallis
1982 449 2278 512 hostibus
2329 449 2675 525 adiunctis,
2758 528 2764 535 .

583 550 649 611 in
691 549 976 625 Samnio,
1017 549 1083 610 in
1125 548 1403 611 Lucanis
1442 550 1754 628 gerebant
1793 549 2054 612 bellum.
2140 550 2404 611 Latium
2443 548 2681 612 deinde

583 668 777 711 omne
828 669 977 711 cum
1027 648 1283 711 Sabinis
1330 655 1399 711 et
1447 649 1695 712 Volscis
1742 655 1810 712 et
1860 649 2101 728 Aequis
2147 655 2216 711 et
2263 648 2441 711 omni
2490 650 2682 711 Cam-

584 749 782 829 pania
835 754 904 810 et
959 753 1147 828 parte
1203 749 1516 811 Umbriae
1573 750 2001 828 Etruriaeque
2056 754 2125 811 et
2180 749 2555 812 Picentibus
2609 753 2682 811 et

586 848 813 911 Marsis
863 848 1312 927 Paelignisque
1362 870 1436 911 ac
1485 848 1771 910 Vestinis
1820 853 2019 928 atque
2067 847 2314 927 ApuliS,
2367 848 2683 910 adiuncta

584 949 763 1011 omni
818 970 932 1010 ora
988 949 1381 1011 Graecorum
1436 948 1623 1010 inferi
1678 948 1873 1011 maris
1930 969 1970 1011 a
2021 949 2279 1010 Thuriis
2336 947 2680 1027 Neapolim

507 1060 512 1065 '
584 1053 652 1111 et
697 1050 954 1123 CumaS,
1003 1054 1071 1110 et
1117 1048 1266 1110 inde
1312 1048 1513 1111 Antio
1560 1053 1759 1128 atque
1806 1048 2006 1111 Ostiis
2050 1054 2260 1124 tenuS,
2310 1054 2427 1111 aut
2470 1048 2683 1110 socios

587 1148 837 1210 validos
906 1148 1222 1210 Romanis
1290 1154 1406 1210 aut
1474 1148 1716 1210 fractos
1784 1147 1950 1210 bello
2018 1147 2370 1211 invenisset
2437 1147 2678 1210 hosteS.

585 1248 734 1327 Ipse
790 1249 1147 1310 traiecisset
1203 1268 1380 1310 mare
1435 1268 1585 1310 cum
1642 1247 1965 1310 veteranis
2023 1247 2504 1323 Macedonibus,
2549 1268 2683 1309 non

585 1348 731 1427 plus
801 1348 1073 1426 triginta
1141 1347 1401 1410 milibus
1470 1347 1828 1424 hominum,
1900 1354 1968 1410 et
2037 1354 2354 1427 quattuor
2421 1347 2684 1409 milibus

585 1444 903 1527 equituin,
958 1447 1242 1510 maxime
1291 1447 1773 1523 Thessalorum;
1824 1448 1945 1510 hoc
1996 1447 2168 1509 enim
2219 1446 2467 1509 roboris
2515 1453 2679 1509 erat.

587 1548 833 1624 Persas,
902 1547 1104 1609 Indos
1169 1547 1456 1627 aliasque
1519 1547 1573 1609 si
1637 1546 2038 1610 adiunxisset
2102 1553 2345 1626 gentes,
2411 1546 2686 1626 impedi-

586 1653 883 1712 mentum
942 1648 1152 1709 maius
1210 1667 1409 1727 quam
1470 1646 1785 1734 auxilium
1843 1648 2149 1710 traheret.
2254 1647 2459 1723 Adde,
2506 1645 2684 1726 quod

587 1746 903 1809 Romanis
960 1747 1042 1809 ad
1100 1766 1370 1809 manum
1426 1746 1605 1809 domi
1659 1746 2189 1825 supplementum
2244 1753 2432 1822 esset,
2493 1745 2687 1808 Alex-

587 1846 811 1923 andro,
874 1846 1050 1926 quod
1111 1853 1342 1926 postea
1400 1846 1757 1908 Hannibali
1817 1847 2071 1923 accidit,
2134 1846 2343 1910 alieno
2401 1847 2471 1908 in
2529 1866 2684 1923 agro

586 1946 856 2008 bellanti
892 1947 1215 2009 exercitus
1254 1947 1713 2009 consenuisset.
1797 1945 2000 2009 Arma
2036 1947 2278 2026 clipeus
2315 1947 2687 2025 sarisaeque

586 2046 707 2108 illis
718 2067 734 2122 3
796 2047 1098 2109 Romano
1157 2053 1439 2122 scutum,
1503 2046 1713 2109 maius
1773 2047 2023 2126 corpori
2082 2053 2556 2125 tegumentum,
2617 2052 2686 2108 et

585 2146 811 2225 pilum,
856 2146 1032 2209 haud
1074 2146 1269 2226 paulo
1312 2166 1513 2226 quam
1554 2147 1747 2208 hasta
1787 2147 2238 2210 vehementius
2277 2146 2416 2208 ictu
2457 2147 2689 2207 missu-

587 2267 713 2326 que
760 2245 983 2309 telum.
1094 2247 1419 2309 Statarius
1483 2251 1759 2324 uterque
1824 2246 2025 2322 mileS,
2070 2246 2327 2308 ordines
2390 2266 2659 2308 servans
2670 2266 2686 2321 ;

584 2346 696 2408 sed
757 2347 867 2409 illa
923 2346 1213 2426 phalanx
1269 2346 1622 2408 immobilis
1678 2352 1745 2408 et
1805 2347 1996 2409 unius
2054 2346 2320 2425 generis,
2383 2346 2689 2408 Romana

586 2446 753 2509 acies
808 2446 1195 2523 distinctior,
1252 2466 1335 2508 ex
1389 2445 1685 2526 pluribus
1739 2447 2039 2524 partibus
2095 2454 2421 2522 constans,
2479 2445 2687 2508 facilis

582 2547 914 2626 partienti,
969 2566 1382 2626 quacumque
1431 2565 1599 2625 opus
1646 2551 1835 2623 esset,
1887 2545 2097 2609 facilis
2146 2546 2460 2625 iungenti.
2540 2545 2686 2608 Iam

645 2715 695 2758 4.
732 2715 1092 2760 Graecorum:
1145 2714 1230 2758 the
1263 2713 1475 2757 colonies
1535 2714 1588 2757 of

582 2783 669 2826 the
706 2785 754 2829 S.
794 2784 869 2826 W.
909 2786 1045 2825 coast
1083 2784 1135 2824 of
1172 2782 1321 2833 Italy.
1392 2782 1587 2825 tenus:

1686 2715 1859 2759 hastae.
1914 2716 2171 2760 scutum:
2194 2715 2280 2759 the
2300 2715 2483 2766 oblong
2502 2715 2689 2758 scutum

1686 2794 1810 2833 gave
1831 2794 1967 2826 more
1990 2784 2266 2836 protection
2290 2783 2413 2826 than
2437 2783 2524 2826 the
2545 2784 2690 2826 small

582 2850 767 2902 always
808 2851 937 2893 after
977 2851 1043 2893 its
1071 2860 1210 2893 case.
1286 2849 1359 2893 Cf.
1401 2860 1615 2891 summo-

580 2919 717 2960 tenus
746 2928 836 2968 ore,
874 2919 995 2961 Aen.
1031 2918 1072 2960 1.
1104 2918 1211 2961 737.

644 2987 693 3029 5.
728 2985 969 3036 triginta
988 2985 1245 3028 mnibus:
1274 2985 1430 3028 XXX
1446 2984 1589 3028 milia

580 3054 793 3104 peditum
819 3054 1139 3102 sequebantur,
1167 3052 1224 3095 in
1248 3053 1420 3102 quibus
1445 3051 1589 3094 Grae-

580 3131 741 3164 corum
818 3121 951 3163 erant
1026 3119 1139 3162 IIII
1213 3118 1367 3167 milia,
1450 3120 1586 3163 Curt.

580 3192 626 3233 5.
673 3190 719 3233 8.
769 3189 814 3232 3.

644 3257 693 3299 8.
727 3256 800 3299 ad
815 3263 1080 3298 manum:
1099 3255 1191 3297 “at
1208 3253 1395 3297 hand.”
1411 3255 1585 3305 Adde.

581 3324 756 3375 quod:
786 3341 829 3356 =
857 3324 1108 3373 praeterea.
1168 3322 1338 3364 esset:
1365 3322 1440 3363 for
1464 3323 1589 3374 fuis-

580 3393 667 3439 set,-
684 3391 776 3434 but
796 3391 909 3433 esset
928 3390 1098 3431 makes
1116 3390 1155 3431 it
1176 3388 1328 3441 apply
1346 3389 1397 3431 in
1419 3389 1588 3441 Livy's

581 3470 689 3501 own
715 3458 831 3510 day.
890 3457 978 3500 See
1003 3468 1068 3499 on
1098 3459 1169 3500 18.
1197 3458 1242 3499 9.
1301 3456 1455 3507 quod
1484 3485 1498 3500 .
1528 3486 1542 3500 .
1573 3487 1587 3500 .

581 3526 808 3570 accidit:
891 3526 1081 3574 During
1120 3523 1185 3567 all
1227 3523 1312 3566 the
1353 3534 1496 3575 years
1536 3525 1588 3566 of

582 3595 667 3637 the
710 3594 806 3636 2nd
851 3593 1006 3636 Punic
1046 3602 1147 3633 war
1191 3591 1444 3633 Hannibal
1485 3591 1586 3633 had

581 3665 634 3706 to
672 3661 916 3704 maintain
952 3659 1148 3702 himself
1184 3659 1236 3701 in
1275 3657 1409 3709 Italy
1448 3669 1588 3709 prac-

583 3730 750 3780 tically
802 3725 1141 3778 unsupported
1193 3725 1263 3777 by
1313 3724 1390 3767 his
1440 3725 1588 3768 home

581 3798 919 3848 government.

645 3865 694 3911 7.
727 3862 1068 3916 sarisaeque:
1112 3859 1212 3905 like
1257 3860 1342 3907 the
1389 3859 1585 3905 Roman

1684 2850 1843 2892 round
1878 2851 2074 2901 clipeum
2142 2850 2214 2895 ct.
2250 2852 2295 2893 8.
2331 2852 2377 2893 8.
2411 2851 2457 2893 3.
2525 2849 2691 2893 vehe-

1687 2918 1962 2961 mentius:
2004 2918 2179 2960 “more
2217 2917 2495 2960 effective.’'
2565 2917 2689 2961 ictu

1686 2986 2000 3036 memque:
2030 2985 2319 3036 hendiadys,
2353 2985 2437 3027 “in
2464 2985 2533 3028 its
2560 2985 2689 3027 blow

1685 3052 1828 3095 when
1851 3052 2076 3094 hurled.’'

1749 3120 1798 3162 8.
1834 3119 2132 3164 statarius:
2160 3137 2204 3153 =
2231 3119 2431 3164 stabilia.
2589 3119 2690 3164 illa

1686 3186 1956 3238 phalanx:
2000 3186 2086 3230 the
2127 3187 2323 3230 famous
2366 3185 2690 3231 Macedonian

1687 3254 1903 3306 phalanx
1941 3253 2115 3297 lacked
2155 3254 2280 3297 both
2318 3254 2549 3306 mobility
2587 3253 2688 3297 and

1686 3332 1850 3373 power
1876 3324 1930 3364 to
1957 3332 2082 3372 vary
2108 3322 2175 3363 its
2201 3321 2388 3371 attack,
2418 3331 2475 3362 or
2500 3320 2689 3370 change

1687 3390 1818 3431 front
1842 3390 1894 3432 in
1918 3389 2003 3431 the
2026 3389 2133 3431 face
2155 3389 2206 3430 of
2229 3389 2314 3431 the
2336 3398 2529 3438 enemy.
2585 3388 2689 3431 The

1687 3458 1907 3499 Romans
1927 3456 2026 3498 had
2048 3456 2339 3498 abandoned
2363 3455 2449 3498 the
2469 3454 2688 3507 phalanx

1686 3526 2028 3573 arrangement
2061 3523 2137 3564 for
2168 3523 2254 3565 the
2285 3521 2517 3573 maniple.
2582 3522 2690 3565 dis-

1686 3591 1940 3634 tinctior:
1986 3589 2119 3632 “less
2161 3589 2443 3640 compaet.”
2519 3588 2690 3640 parti-

1685 3658 1828 3701 enti:
1857 3669 1935 3700 see
1963 3667 2028 3698 on
2054 3655 2274 3704 intuenti.
2311 3657 2383 3698 17.
2413 3659 2458 3700 3.
2518 3656 2687 3701 esset:

1684 3726 1928 3767 iterative.

1746 3793 1796 3834 9.
1830 3791 2041 3834 victus:
2070 3808 2113 3823 =
2140 3790 2186 3833 si
2207 3791 2356 3833 victus
2377 3791 2507 3833 esset.
2554 3791 2689 3834 cau-

1685 3859 1870 3907 dium:
1902 3859 1964 3905 cf.
1998 3860 2043 3905 9.
2080 3860 2151 3905 12.
2185 3860 2229 3903 4.
2298 3859 2542 3907 cannam
2572 3856 2688 3906 here
