2975 4367
310 341 635 409 xxxviii..4]
1195 341 1430 394 LIBER
1467 342 1515 395 v
1741 418 1744 425 ὁ
2301 343 2402 396 113

310 521 621 600 ficabant,
695 541 1108 603 quacumque
1179 521 1385 598 ibant,
1459 521 1644 603 equis
1716 521 1998 603 virisque
2069 521 2255 603 longe
2327 544 2400 587 ac

241 632 278 676 6
310 621 442 686 late
487 623 633 687 fuso
678 623 935 704 agmine
980 622 1371 685 immensum
1416 623 1789 686 obtinentes
1833 622 1973 685 loci.
2065 623 2188 686 Sed
2221 630 2402 708 ante-

311 721 583 786 cedente
658 722 840 786 fama
915 722 1291 803 nuntiisque
1368 722 1797 799 Clusinorum,
1876 722 2179 803 deinceps
2252 723 2403 786 inde

311 821 585 885 aliorum
655 822 1065 903 populorum,
1138 822 1492 904 plurimum
1562 823 1823 886 terroris
1893 823 2175 886 Romam
2246 823 2429 886 cele-'

243 931 276 977 7
310 922 470 986 ritas
529 923 819 986 hostium
878 921 1051 999 tulit,
1113 923 1355 1003 quippe
1415 923 1672 1004 quibuS‚
1734 922 1916 986 velut
1973 923 2402 987 tumultuario

310 1022 599 1086 exercitu
659 1022 903 1103 raptim
964 1015 1183 1099 ducto,
1249 1043 1435 1103 aegre
1497 1021 1581 1087 ad
1642 1022 2060 1086 undecimum
2121 1021 2402 1104 lapidem

310 1142 651 1186 occursum
704 1129 825 1199 est,
882 1143 1014 1203 qua
1068 1124 1310 1186 flumen
1364 1123 1528 1199 Alia,
1585 1124 2017 1188 Crustuminis
2071 1123 2404 1187 montibus

310 1220 603 1302 praealto
647 1221 937 1287 defluens
980 1222 1187 1300 alve0‚
1233 1222 1408 1286 haud
1454 1222 1738 1286 multum
1781 1223 1952 1287 infra
1994 1223 2173 1287 viam
2215 1224 2404 1287 Tibe-

241 1331 275 1376 8
308 1321 449 1385 rino
479 1321 658 1385 amni
685 1321 1011 1386 miscetur.
1102 1323 1247 1386 Iam
1278 1323 1502 1387 omnia
1532 1329 1762 1386 contra
1793 1323 2089 1404 circaque
2116 1324 2402 1387 hostiurn

309 1421 502 1502 plena
538 1426 748 1498 erant,
787 1429 856 1485 et
893 1429 1054 1486 nata
1090 1422 1158 1485 in
1197 1444 1402 1487 vanos
1439 1422 1767 1487 tumultus
1805 1444 1960 1503 gens
1998 1424 2167 1487 truci
2204 1431 2403 1487 cantu

309 1521 830 1602 clamoribusque
862 1523 1056 1586 variis
1086 1523 1408 1586 horrendo
1438 1530 1678 1587 cuncta
1707 1523 2192 1604 compleverant
2220 1545 2399 1588 sono.

245 1633 271 1676 1
432 1621 832 1688 XXXVIII.
880 1621 983 1686 Ibi
1056 1623 1301 1686 tribuni
1375 1622 1680 1700 militum,
1756 1645 1889 1687 non
1963 1623 2101 1687 loco
2176 1624 2402 1688 castris

307 1729 462 1787 ante
514 1729 733 1804 capt0,
785 1744 918 1787 non
966 1724 1381 1805 praemunito
1434 1722 1626 1800 vallo,
1681 1745 1811 1804 quo
1862 1730 2161 1804 receptus
2209 1731 2398 1800 esset,

307 1844 438 1886 non
499 1822 772 1888 deorum
832 1823 1087 1900 saltem,
1150 1823 1205 1887 si
1266 1845 1398 1886 non
1459 1823 1819 1901 hominum,
1885 1844 2220 1900 memores,
2285 1844 2401 1887 nec

306 1924 646 2004 auspicato
680 1944 798 1989 nec
832 1923 1022 1988 litato
1055 1923 1390 1987 instruunt
1425 1924 1631 1986 aciem
1664 1924 2004 1988 diductam
2036 1924 2104 1986 in
2138 1945 2398 2000 cornua,

242 2034 271 2075 2
304 2044 385 2086 ne
423 2023 875 2088 circumveniri
912 2023 1334 2087 multitudine
1370 2023 1659 2086 hostium
1695 2031 1987 2105 possent;
2024 2044 2141 2087 nec
2178 2031 2400 2087 tamen

304 2124 571 2205 aequari
619 2123 866 2187 frontes
916 2130 1241 2204 poterant,
1294 2144 1443 2187 cum
1492 2124 1912 2188 extenuando
1960 2125 2285 2186 infirmam
2333 2131 2400 2187 et

304 2224 418 2286 vix
453 2224 909 2288 cohaerentem
946 2224 1228 2286 mediam
1268 2224 1472 2286 aciem
1511 2224 1843 2286 haberent.
1938 2224 2216 2287 Paulum
2259 2230 2400 2287 erat

303 2323 388 2387 ab
435 2322 707 2386 dextera
754 2323 915 2386 editi
964 2323 1107 2400 loci,
1158 2343 1353 2403 quem
1400 2323 1803 2386 subsidiariis
1850 2324 2079 2404 repleri
2126 2323 2399 2404 placuit;

300 2443 509 2505 eaque
564 2443 665 2486 res
721 2429 798 2487 ut
854 2423 1117 2487 initium
1172 2423 1434 2505 pavoris
1492 2444 1566 2487 ac
1623 2422 1833 2503 fugae,
1892 2425 1981 2487 sic
2037 2443 2172 2487 una
2226 2423 2400 2486 salus

235 2532 266 2576 3
300 2524 702 2604 fugientibus
744 2523 890 2586 fuit.
984 2524 1155 2587 Nam
1217 2524 1535 2599 BrennuS,
1599 2523 1857 2603 regulus
1917 2522 2269 2599 Gallorum,
2333 2524 2400 2586 in

299 2625 636 2704 paucitate
691 2623 982 2687 hostium
1038 2629 1249 2686 artem
1304 2623 1589 2686 maxime
1644 2623 1900 2699 timens,
1958 2629 2140 2686 ratus
2194 2622 2278 2687 ad
2333 2623 2397 2685 id

299 2730 571 2804 captum
611 2724 1011 2803 superiorem
1053 2722 1288 2798 locum,
1331 2728 1429 2798 ut,
1473 2723 1588 2785 ubi
1631 2722 1798 2786 Galli
1841 2744 1988 2786 cum
2033 2723 2167 2787 acie
2211 2723 2401 2802 legio-

298 2844 488 2887 num.
531 2830 712 2888 recta
784 2823 1000 2887 fronte
1072 2822 1566 2898 concurrissent,
1641 2823 1931 2887 subsidia
2001 2823 2068 2885 in
2142 2843 2398 2888 aversos

298 2931 836 3005 transversosque
896 2925 1219 3005 impetum
1280 2922 1533 2998 darent,
1598 2922 1680 2986 ad
1741 2923 2158 2987 subsidiarios
2216 2924 2400 3003 signa

231 3033 264 3076 4
296 3025 645 3100 convertit,
705 3024 760 3088 si
814 3045 924 3089 eos
983 3024 1122 3088 loco
1181 3022 1555 3103 depulisset,
1615 3023 1791 3086 haud
1850 3023 2088 3087 dubius
2143 3023 2397 3088 facilem

293 3123 363 3187 in
402 3144 615 3205 aequo
656 3125 872 3205 campi
912 3131 1179 3188 tantum
1216 3122 1553 3204 superanti
1594 3122 2017 3187 multitudine
2056 3123 2397 3187 victoriam

356 3329 407 3373 7.
439 3326 715 3379 lapidem:
776 3325 1125 3371 “milestone.”
1216 3331 1303 3369 oc·
1397 3325 1586 3370 litate:
1649 3322 1767 3367 here
1830 3323 2015 3376 merely
2079 3324 2132 3367 of
2165 3326 2400 3379 ,offering

294 3404 528 3442 eurtum
586 3396 698 3439 est:
755 3394 1067 3447 impersonal.
1160 3394 1301 3437 After
1397 3394 1613 3438 sacrifice
1630 3393 1842 3437 without
1861 3393 2103 3445 implying
2120 3395 2186 3437 its
2204 3399 2393 3447 accept-

292 3465 471 3516 quippe
504 3462 591 3515 qui
624 3463 792 3506 causal
826 3473 882 3505 as
916 3463 1031 3506 here
1065 3462 1152 3506 the
1185 3462 1302 3505 sub·
1396 3472 1533 3504 ance.

291 3531 517 3583 junctive
538 3532 580 3575 is
601 3541 740 3574 more
760 3540 1004 3574 common.
1409 3530 1418 3535 ”
1458 3530 1511 3572 8.
1545 3530 1824 3574 Brennus:
1858 3538 1889 3571 a
1926 3529 2181 3573 Latinized
2203 3531 2329 3574 form
2347 3533 2398 3575 oi

354 3601 404 3642 8.
438 3599 607 3650 truci.
659 3602 775 3643 etc.:
824 3598 889 3643 cf.
940 3598 1076 3642 Caes·
1127 3598 1187 3642 B.
1237 3597 1296 3643 G.
1397 3597 1483 3641 the
1505 3596 1657 3640 Celtic
1678 3596 1808 3645 bran,
1828 3597 2049 3647 “prince.
2055 3597 2086 3620 ’⁹
2153 3598 2242 3641 See
2263 3609 2327 3640 on
2351 3602 2393 3642 2.

291 3668 337 3711 5.
391 3667 471 3711 37.
519 3666 550 3710 3
602 3675 732 3710 more
781 3676 871 3710 suo
924 3666 1162 3709 mutatum
1214 3666 1299 3709 tol-
1396 3665 1512 3708 9.1
1578 3663 1641 3706 in
1663 3664 1951 3714 paucitate
1990 3693 2004 3707 .
2051 3692 2066 3706 .
2113 3666 2395 3710 &timens

290 3733 410 3778 lunt.
1393 3733 1425 3774 i.
1429 3743 1471 3775 e.
1515 3742 1570 3773 so
1612 3732 1705 3774 few
1747 3742 1872 3775 were
1914 3733 1965 3775 in
2006 3731 2137 3801 sight
2180 3733 2291 3777 that
2334 3734 2397 3778 he

353 3799 657 3845 XXXVIII.
692 3801 742 3844 1.
775 3808 893 3844 non
926 3829 940 3843 .
974 3829 989 3844 .
1013 3823 1037 3843 ·.
1067 3800 1295 3844 saltem:
1393 3799 1559 3842 reared
1586 3809 1722 3842 some
1748 3803 2030 3849 strategem.

298 3886 343 3903 =
367 3880 429 3913 ne
468 3901 481 3914 .
524 3900 537 3913 .
579 3899 592 3912 .
632 3867 836 3919 quidem.
910 3867 1088 3911 Before
1126 3867 1212 3910 the
1250 3867 1295 3909 εἰ
1454 3867 1505 3910 4.
1539 3867 1626 3912 ai.
1691 3867 2054 3918 depulisset:
2075 3869 2248 3912 render
2268 3870 2395 3913 after

288 3935 453 3983 clause
508 3935 549 3982 it
608 3935 651 3981 is
708 3934 968 3990 especially
1026 3934 1292 3990 emphatic.
1392 3934 1522 3980 haud
1558 3935 1749 3981 dubius.
1822 3936 2137 3989 superanti:
2178 3948 2243 3981 sc.
2284 3938 2388 3984 sibi.
