2975 4367
501 304 599 355 142
1413 301 1478 355 Τ.
1517 300 1675 355 LIVI
2425 296 2520 362 [iii.
2555 298 2594 352 8

495 489 720 546 tamen
772 502 1089 546 consensu
1139 480 1433 544 omnium
1487 479 1702 544 victus
1753 486 1873 556 est,
1928 486 2005 543 ut
2057 480 2271 559 ipsum
2321 480 2389 541 in
2441 500 2592 542 con-

431 597 460 638 9
496 581 711 645 silium
760 583 1014 646 acciret.
1107 580 1240 644 Nec
1291 588 1602 660 gravatus
1657 601 1854 643 senex
1909 579 2199 659 plaustro
2256 579 2323 642 in
2378 586 2592 642 castra

496 682 737 746 dicitur
809 682 1124 745 advectus
1199 689 1602 760 vocatusque
1675 681 1742 742 in
1814 678 2152 742 consilium
2225 679 2321 741 ita
2392 678 2592 741 ferme

498 781 752 845 locutus
807 802 965 856 esse,
1024 787 1100 844 ut
1155 780 1317 843 nihil
1371 780 1734 843 sententiae
1788 800 1943 841 suae
2001 786 2306 853 mutaret,
2365 798 2591 841 causas

401 896 461 939 10
497 888 761 944 tantum
831 881 1141 944 adiceret:
1270 881 1478 959 priore
1544 900 1610 941 se
1677 879 1959 953 consilio,
2028 879 2202 958 quod
2268 878 2590 957 optimum

497 982 782 1056 duceret,
859 1002 1008 1042 cum
1081 980 1537 1060 potentissimo
1610 978 1850 1058 populo
1925 999 2037 1057 per
2109 979 2331 1057 ingens
2403 979 2593 1040 bene-

499 1082 716 1142 ficium
773 1088 1159 1160 perpetuam
1218 1081 1473 1141 firmare
1532 1099 1760 1159 pacem
1821 1079 2303 1157 amicitiamque
2315 1098 2331 1153 ς
2391 1076 2591 1140 altero

499 1180 762 1243 consilio
806 1180 874 1241 in
916 1179 1159 1243 multas
1203 1186 1471 1253 aetateS‚
1521 1179 1776 1258 quibus,
1825 1178 2075 1240 amissis
2118 1177 2373 1240 duobus
2413 1198 2593 1240 exer-

499 1281 754 1355 citibus,
811 1280 987 1342 haud
1041 1278 1226 1342 facile
1280 1286 1622 1359 receptura
1674 1278 1841 1341 vires
1895 1279 2198 1340 Romana
2247 1297 2346 1339 res
2399 1284 2588 1353 esset,

402 1398 457 1438 11
497 1379 739 1442 bellum
802 1380 1085 1455 differre;
1148 1380 1417 1442 tertium
1481 1377 1734 1440 nullum
1798 1376 2135 1440 consilium
2183 1397 2338 1439 esse.
2428 1378 2590 1439 Cum

498 1479 666 1541 filius
702 1478 937 1560 aliique
970 1480 1291 1559 principes
1325 1472 1814 1558 percunctando
1846 1483 2372 1557 exsequerentur,
2410 1476 2588 1557 quid,

496 1579 551 1642 si
621 1580 836 1642 media
904 1579 1014 1642 via
1084 1578 1329 1642 consilii
1399 1585 1756 1658 caperetur,
1826 1583 1904 1639 ut
1971 1582 2039 1640 et
2107 1576 2592 1639 dimitterentur

496 1678 852 1743 incolumes
914 1685 982 1742 et
1045 1679 1212 1758 leges
1274 1680 1350 1741 iis
1414 1679 1550 1740 iure
1614 1676 1762 1740 belli
1825 1676 2016 1740 victis
2077 1676 2591 1755 imponerentur:

402 1797 463 1839 12
501 1780 658 1842 ‘ista
688 1779 952 1860 quidem
982 1779 1336 1842 sententia’
1371 1778 1587 1858 inquit
1622 1779 1728 1839 ‘ea
1757 1782 1876 1852 est,
1911 1796 2077 1857 quae
2109 1795 2319 1855 neque
2352 1776 2592 1839 amicos

497 1885 688 1958 parat
724 1899 840 1941 nec
876 1879 1169 1941 inimicos
1206 1877 1397 1941 tollit.
1491 1878 1759 1940 Servate
1797 1877 2010 1950 mod0‚
2041 1895 2203 1956 quos
2239 1875 2594 1954 ignominia

497 1979 944 2041 inritaveritis:
1022 1999 1100 2041 ea
1137 1985 1237 2041 est
1278 1979 1582 2041 Romana
1621 1997 1794 2057 gem,
1838 1997 2005 2057 quae
2046 1975 2224 2038 victa
2264 1977 2589 2056 quiescere

402 2098 463 2139 13
497 2079 761 2141 nesciat.
852 2079 1047 2142 Vivet
1092 2098 1346 2158 semper
1402 2077 1469 2139 in
1528 2077 1897 2156 pectoribus
1955 2076 2210 2140 illorum
2269 2076 2585 2156 quidquid

497 2179 664 2241 istuc
714 2199 1017 2258 praesens
1067 2178 1415 2241 necessitas
1466 2177 1787 2252 inusserit,
1841 2197 1957 2239 nec
2006 2197 2115 2239 eos
2167 2183 2319 2240 ante
2369 2175 2589 2239 multi-

498 2277 694 2358 plices
732 2300 974 2359 poenas
1012 2279 1338 2358 expetitas
1378 2297 1418 2341 a
1456 2277 1642 2340 vobis
1684 2278 2007 2357 quiescere
2045 2277 2254 2339 sinet!

436 2399 460 2439 1
625 2381 735 2442 IV.
790 2381 1036 2442 Neutra
1086 2377 1415 2442 sententia
1468 2383 1756 2457 accepta,
1814 2377 2179 2440 Herennius
2231 2378 2501 2439 domum
2556 2397 2591 2439 e

498 2480 725 2543 castris
769 2485 869 2542 est
916 2486 1201 2542 avectus.
1272 2481 1358 2542 Et
1404 2479 1472 2540 in
1518 2478 1746 2541 castris
1792 2477 2108 2540 Romanis
2154 2497 2303 2539 cum
2350 2477 2594 2540 frustra

500 2579 690 2643 multi
755 2586 1028 2642 conatus
1096 2579 1176 2642 ad
1242 2578 1753 2658 erumpendumv
1787 2577 1963 2656 capti
2027 2583 2261 2651 essent,
2328 2583 2396 2639 et
2459 2577 2591 2639 iam

433 2699 465 2742 2
497 2681 791 2754 omnium
855 2681 1069 2743 rerum
1137 2678 1357 2758 inopia
1419 2684 1608 2753 esset,
1676 2677 1834 2740 victi
1898 2677 2281 2740 necessitate
2347 2676 2592 2755 legatos

500 2780 795 2854 mittunt,
840 2780 953 2860 qui
993 2780 1278 2859 primum
1320 2799 1549 2858 pacem
1592 2798 1868 2858 aequam
1908 2784 2205 2859 peterent
2215 2798 2231 2854 3
2271 2776 2325 2840 si
2363 2796 2591 2857 pacem

432 2899 464 2944 3
498 2901 629 2942 non
702 2881 1147 2960 impetrarent,
1224 2879 1324 2942 uti
1395 2885 1826 2958 provocarent
1886 2877 1967 2940 ad
2027 2897 2333 2956 pugnam.
2423 2878 2591 2938 Tum

500 2981 773 3043 Pontius
815 2979 1214 3042 debellatum
1254 2999 1390 3041 esse
1431 2978 1785 3057 respondit,
1813 2980 1915 3052 'et,
1960 2977 2271 3058 quoniam
2313 2997 2393 3039 ne
2434 2977 2592 3040 victi

500 3080 763 3159 quidem
818 3102 890 3143 ac
945 3080 1121 3159 capti
1174 3079 1509 3142 fortunam
1562 3078 1752 3140 fateri
1804 3078 2061 3151 scirent,
2116 3077 2390 3140 inermes
2442 3097 2591 3139 cum

497 3179 763 3255 singulis
830 3179 1238 3243 vestimentis
1303 3179 1426 3241 sub
1491 3178 1714 3256 iugum
1783 3178 2128 3240 missurum
2139 3198 2155 3254 3
2223 3176 2378 3240 alias
2443 3197 2595 3239 con-

559 3366 609 3408 9.
641 3368 750 3411 Nec
795 3365 1087 3418 gravatus:
1135 3365 1384 3408 “without
1425 3376 1499 3407 re·
1596 3375 1719 3415 your
1752 3363 1965 3406 demand
2000 3363 2084 3407 the
2116 3363 2401 3407 immediate
2433 3374 2595 3407 neces-

497 3433 797 3475 sentment.’'
1596 3433 1695 3482 sity
1727 3432 1848 3474 shall
1882 3432 2038 3474 brand
2071 3442 2204 3482 upon
2237 3431 2428 3479 them;”
2480 3431 2595 3474 sub-

563 3500 640 3543 lo.
675 3499 923 3547 firmare:
965 3499 1209 3543 mirone:
1252 3500 1496 3541 conative.
1594 3499 1690 3548 ject
1723 3499 1774 3539 of
1802 3499 1932 3540 vivet.

498 3566 729 3618 qulbus:
759 3577 837 3610 see
865 3577 928 3608 on
962 3568 1002 3608 1.
1034 3568 1107 3608 29.
1138 3567 1182 3608 6.
1661 3565 1744 3606 IV.
1783 3566 1829 3607 1.
1862 3565 2200 3609 Herennius:
2280 3564 2406 3615 Livy
2483 3576 2594 3608 uses

563 3634 641 3675 11.
673 3631 845 3684 leges:
878 3633 1246 3675 “conditionS.''
1597 3633 1696 3674 this
1724 3633 1906 3681 foreign
1935 3642 2230 3683 praenomen
2263 3631 2326 3680 (3.
2355 3631 2407 3681 4)
2435 3630 2590 3681 alone,

564 3701 640 3742 12.
675 3708 818 3751 quae
853 3729 865 3741 .
900 3729 912 3741 .
947 3729 960 3741 .
989 3699 1163 3742 tamt:
1193 3710 1271 3741 see
1299 3710 1362 3740 on
1392 3709 1495 3748 quo.
1597 3699 1804 3740 because
1824 3699 1863 3740 it
1885 3709 1983 3739 was
2005 3698 2106 3740 also
2127 3709 2157 3740 a
2180 3698 2373 3741 Roman
2395 3709 2589 3741 nomen.

499 3767 543 3811 2.
568 3768 642 3809 32.
672 3767 742 3809 ll.
788 3765 1011 3811 Servate
1043 3766 1234 3809 modo:
1277 3765 1501 3820 strongly
1598 3765 1674 3807 He
1690 3765 1848 3808 would
1862 3769 1949 3807 not
1961 3764 2377 3817 say“Ga.ius”for
2390 3765 2590 3808 theson.

497 3835 715 3878 ironical.
1659 3834 1708 3876 8.
1744 3831 2088 3875 debellatum
2133 3840 2274 3875 ene:
2322 3831 2448 3875 “the
2493 3841 2594 3874 war

563 3900 641 3946 1³.
676 3899 968 3955 quidquid,
994 3902 1111 3945 etex
1134 3899 1423 3942 “whatever
1445 3911 1499 3943 as
1597 3910 1696 3945 was
1721 3899 1891 3947 over;''
1917 3900 1972 3942 de
1996 3900 2035 3943 is
2060 3899 2317 3944 intensive.
