2975 4367
529 279 634 333 118
1428 279 1497 333 Τ.
1532 274 1695 332 LIVI
2435 275 2550 342 [xli.
2591 281 2620 332 1

462 471 496 516 2
525 457 987 540 expectabant.
1079 456 1205 533 Qui
1248 478 1473 521 eorum
1521 455 1773 520 curules
1809 463 2141 538 gesserant
2177 458 2622 538 magistratus,

530 566 605 622 ut
654 559 722 622 in
772 557 1076 621 fortunae
1125 556 1439 637 pristinae
1488 558 1941 637 honorumque
1992 578 2067 620 ac
2123 557 2383 623 virtutis
2432 559 2627 639 insig-

530 660 721 723 nibus
775 662 1200 732 morerentur,
1258 677 1427 737 quae
1482 656 1944 736 augustissima
1999 657 2199 721 vestis
2252 664 2353 722 est
2406 664 2627 723 tensas

529 757 919 822 ducentibus
971 748 1638 837 triumphantibusve‚
1692 776 1770 819 ea
1822 756 2045 820 vestiti
2100 757 2314 821 medio
2366 758 2626 822 aedium

466 873 499 916 3
531 859 829 921 eburneis
863 856 1033 921 sellis
1066 856 1305 921 sedere.
1393 858 1582 932 Sunt,
1613 855 1726 937 qui
1763 856 1847 917 M.
1882 855 2063 919 Folio
2098 858 2405 938 pontifice
2445 879 2630 922 max-

531 959 662 1021 imo
700 958 1040 1039 praefante
1079 978 1340 1020 carmen
1377 956 1720 1020 devovisse
1756 976 1867 1019 eos
1902 976 1972 1020 se
2009 977 2127 1037 pro
2165 958 2381 1039 patria
2419 959 2631 1036 Quiri-

532 1059 838 1139 tibusque
878 1058 1193 1121 Romanis
1232 1051 1522 1120 tradant.

467 1174 500 1217 4
659 1156 846 1234 Galli,
885 1164 953 1221 et
992 1158 1147 1239 quia
1182 1157 1571 1238 interposita
1608 1162 1801 1220 nocte
1840 1178 1879 1221 a
1917 1159 2336 1223 contentione
2373 1180 2633 1241 pugnae

534 1259 914 1322 remiserant
938 1259 1210 1334 animos,
1230 1263 1298 1320 et
1317 1257 1494 1338 quod
1512 1278 1628 1319 nec
1653 1258 1720 1319 in
1744 1258 1880 1320 acie
1904 1258 2173 1338 ancipiti
2197 1279 2474 1340 usquam
2500 1280 2634 1322 cer-

535 1363 840 1421 taverant
868 1358 1110 1438 proelio
1138 1378 1255 1420 nec
1293 1363 1438 1420 tum
1465 1357 1719 1437 impetu
1756 1362 1872 1420 aut
1902 1357 1969 1418 vi
2005 1357 2354 1438 capiebant
2380 1352 2632 1436 urbem,

533 1459 669 1522 sine
697 1457 812 1533 ira,
837 1458 974 1521 sine
1012 1457 1239 1521 ardore
1276 1458 1644 1521 animorum
1680 1456 1946 1536 ingressi
1982 1462 2243 1537 postero
2271 1458 2376 1520 die
2404 1459 2633 1521 urbem

535 1564 805 1639 patente
875 1557 1122 1621 Collina
1191 1564 1385 1638 porta
1453 1557 1522 1620 in
1593 1557 1806 1620 forum
1877 1556 2289 1637 perveniunt,
2364 1558 2636 1621 circum-

536 1659 815 1721 ferentes
865 1658 1086 1721 oculos
1139 1657 1222 1720 ad
1276 1657 1525 1737 templa
1577 1657 1774 1719 deum
1829 1646 2173 1739 arcemque
2224 1657 2432 1721 solam
2483 1658 2636 1720 belli

470 1775 503 1819 5
534 1757 815 1838 speciem
838 1763 1192 1821 tenentem.
1286 1746 1449 1820 Inde
1473 1756 1730 1820 modico
1757 1756 1983 1819 relicto
2010 1757 2353 1837 praesidio,
2377 1778 2460 1821 ne
2488 1758 2635 1839 quis

536 1858 604 1921 in
639 1857 987 1938 dissipatos
1020 1879 1104 1920 ex
1140 1878 1285 1921 arce
1322 1863 1439 1921 aut
1474 1855 1796 1937 Capitolio
1832 1855 2118 1937 impetus
2169 1858 2372 1934 fieret,
2401 1856 2638 1938 dilapsi

538 1958 620 2022 ad
647 1957 958 2038 praedam
985 1958 1209 2021 vacuis
1234 1979 1506 2021 occursu
1532 1957 1873 2020 hominum
1900 1955 2040 2034 viis,
2069 1977 2220 2037 pars
2244 1956 2312 2020 in
2336 1956 2641 2039 proxima

539 2078 836 2140 quaeque
882 2064 1208 2122 tectorum
1255 2057 1513 2137 agmine
1559 2062 1780 2132 ruunt,
1830 2077 1981 2137 pars
2026 2056 2281 2134 ultima,
2331 2056 2513 2120 velut
2559 2077 2640 2119 ea

472 2175 505 2218 c
538 2158 803 2222 demum
850 2159 1104 2222 intacta
1150 2164 1218 2221 et
1267 2158 1507 2221 referta
1554 2156 1817 2238 praeda,
1869 2162 2126 2237 petunt.
2217 2156 2381 2219 Inde
2415 2177 2639 2219 rursus

539 2259 681 2338 ipsa
733 2258 1103 2336 solitudine,
1163 2257 1513 2334 absterriti,
1570 2277 1653 2320 ne
1709 2278 1842 2338 qua
1896 2256 2073 2320 fraus
2128 2255 2381 2321 hostilis
2436 2276 2640 2336 vagos

539 2360 885 2439 exciperet,
937 2361 1007 2423 in
1060 2360 1274 2423 forum
1328 2380 1401 2422 ae
1456 2357 1827 2439 propinqua
1879 2356 2018 2419 foro
2071 2355 2214 2419 loca
2265 2355 2640 2436 conglobati

478 2477 507 2521 7
539 2459 842 2523 redibant
852 2480 869 2537 ;
919 2460 1034 2523 ubi
1084 2481 1194 2523 eos
1244 2459 1451 2541 plebis
1505 2457 1812 2521 aedificiis
1863 2457 2200 2533 obseratis,
2255 2456 2640 2547 patentibus

542 2559 724 2623 atriis
771 2561 1139 2641 principum
1190 2560 1398 2624 maior
1447 2577 1650 2639 prope
1701 2557 2036 2620 cunctatio
2087 2557 2358 2620 tenebat
2408 2563 2643 2637 aperta

476 2677 508 2720 8
540 2680 742 2740 quam
785 2659 1006 2723 clausa
1046 2659 1401 2723 invadendi
1411 2679 1428 2736 ;
1473 2657 1636 2721 adeo
1680 2656 1857 2720 haud
1900 2677 2084 2720 secus
2128 2678 2328 2738 quam
2373 2676 2644 2720 venera-

540 2758 747 2822 bundi
798 2759 1229 2823 intuebantur
1280 2758 1348 2822 in
1403 2757 1665 2822 aedium
1720 2755 2060 2820 vestibulis
2112 2756 2412 2821 sedentes
2466 2756 2642 2820 viros

542 2865 799 2938 praeter
888 2857 1196 2923 ornatum
1289 2858 1723 2938 habitumque
1815 2857 2104 2920 humano
2197 2856 2643 2937 augustiorem

544 2959 886 3022 maiestate
931 2960 1152 3037 etiam,
1204 2980 1405 3040 quam
1454 2955 1678 3020 vultus
1727 2956 2146 3038 gravitasque
2192 2956 2321 3020 oris
2368 2977 2526 3038 prae
2573 2977 2645 3021 se

478 3077 509 3120 9
544 3059 812 3133 ferebat,
855 3059 1212 3123 simillimos
1252 3059 1369 3122 dis.
1461 3056 1564 3120 Ad
1601 3077 1711 3120 eos
1738 3057 1918 3119 velut
1960 3056 2043 3120 ad
2084 3056 2433 3121 simulacra
2472 3058 2645 3122 versi

605 3209 656 3254 8.
690 3209 909 3255 curules
958 3241 972 3254 .
1022 3242 1036 3255 .
1086 3241 1099 3254 .
1146 3209 1542 3263 magistratus:
1642 3207 1783 3252 usual
1810 3206 2066 3260 throng8.”

544 3279 621 3321 Le.
660 3278 890 3329 entitling
926 3280 1012 3322 the
1058 3279 1345 3323 incumbent
1386 3282 1439 3321 to
1477 3279 1542 3322 sit
1707 3279 1756 3320 ⁶.
1789 3277 2113 3328 conglobati
2154 3277 2439 3323 redibant:
2483 3278 2648 3330 “kept

544 3344 596 3388 in
613 3345 700 3388 the
714 3345 828 3388 sella
842 3346 1039 3390 curuli-3.
1089 3346 1275 3390 medio
1290 3345 1545 3389 aedium:
1644 3346 1899 3395 returning
1925 3346 1976 3387 in
2005 3345 2240 3395 squadS.'’

544 3422 626 3454 see
648 3422 713 3453 on
742 3413 784 3455 1.
808 3413 884 3456 57.
910 3414 955 3455 9.
1708 3413 1758 3454 8.
1790 3412 1853 3454 ln
1874 3411 2103 3455 aedium
2122 3411 2441 3456 vestibulis:
2460 3412 2651 3465 loosely

610 3479 660 3521 3.
693 3479 1006 3529 praetante:
1044 3479 1166 3531 they
1201 3490 1328 3522 were
1364 3484 1419 3523 to
1456 3479 1548 3522 iol·
1647 3479 1767 3521 used
1816 3479 1897 3529 (ci.
1943 3479 2010 3529 2).
2056 3489 2112 3521 οι·
2153 3479 2240 3522 the
2282 3479 2488 3521 seniores
2529 3489 2650 3532 may

545 3544 655 3595 low,
681 3546 936 3597 repeating
958 3546 1034 3588 his
1058 3546 1269 3589 formula
1300 3548 1546 3598 (carmen).
1647 3546 1776 3590 have
1877 3545 2130 3598 variously
2228 3545 2399 3589 seated
2489 3545 2652 3589 them-

610 3612 661 3654 4.
693 3611 1026 3655 remiserant
1092 3613 1337 3656 animos:
1407 3613 1548 3656 “had
1648 3613 1819 3657 selves.

548 3677 730 3721 abated
766 3678 893 3720 their
924 3678 1126 3730 anger.''
1193 3679 1448 3731 patente:
1482 3680 1549 3725 cf.
1710 3681 1761 3724 ⁹.
1794 3679 2194 3731 permulcenti:
2218 3680 2339 3723 with
2364 3679 2512 3730 Gallo,
2542 3680 2650 3725 dat.

549 3747 626 3788 38.
662 3746 733 3789 10.
1649 3748 1701 3789 of
1758 3748 2003 3790 reference
2062 3748 2192 3791 after
2250 3748 2375 3790 iram
2433 3747 2650 3792 movisse.

613 3814 662 3856 ⁶.
695 3812 888 3856 vacuit
914 3841 929 3856 .
954 3841 970 3856 .
995 3842 1010 3857 .
1031 3814 1163 3858 vus:
1185 3813 1441 3865 “through
1464 3814 1551 3858 the
1650 3814 1844 3857 ortum
1880 3815 2041 3865 (esse).·
2071 3815 2200 3858 after
2229 3815 2406 3858 dicitur
2434 3824 2545 3857 now
2576 3824 2653 3858 r&

550 3882 726 3922 streets
783 3879 992 3922 without
1053 3882 1405 3932 encountering
1463 3882 1551 3925 the
1649 3880 1831 3932 garded
1857 3892 1912 3924 as
1936 3881 2247 3934 impersonal.
