2975 4367
440 265 509 319 90
1157 234 1161 239 ’
1352 266 1416 316 Τ.
1458 264 1619 318 LIVI
2255 264 2471 331 [xxxiii.
2511 269 2548 321 e

439 444 660 524 fragiis
703 444 944 521 ferunt,
991 463 1122 524 quo
1167 443 1381 507 minus
1425 445 1727 509 ferociter
1771 444 2047 509 aliorum
2090 446 2272 509 scitis
2318 447 2546 510 adver-

377 570 406 612 7
439 551 757 608 sarentur.
850 544 1165 623 Regimen
1238 544 1443 607 totius
1518 546 1941 624 magistratus
2015 566 2212 625 penes
2256 546 2544 627 Appium

440 651 581 709 erat
608 645 831 707 favore
858 642 1063 723 plebis
1073 664 1089 719 ;
1118 642 1409 723 adeoque
1436 663 1684 707 novum
1709 645 1833 707 sibi
1858 645 2188 724 ingenium
2217 646 2542 723 induerat,

441 753 517 809 ut
562 742 880 824 plebicola
923 749 1189 822 repente
1233 744 1575 823 omnisque
1623 764 1818 807 aurae
1863 744 2194 825 popularis
2241 753 2545 825 captator

440 844 750 909 evaderet
789 864 906 923 pro
945 843 1113 905 truci
1149 863 1476 923 saevoque
1517 843 1907 907 insectatore
1946 845 2169 924 plebis.

377 968 408 1012 8
569 945 839 1007 Decimo
898 943 1002 1006 die
1062 943 1162 1006 ius
1221 942 1463 1023 populo
1525 943 1758 1023 singuli
1804 944 2187 1008 reddebant.
2299 947 2393 1008 Eo
2442 946 2547 1010 die

442 1066 639 1126 penes
693 1044 1098 1125 praefectum
1152 1043 1307 1106 iuris
1361 1043 1567 1107 fasces
1621 1044 1966 1107 duodecim
2019 1051 2208 1108 erant
2219 1066 2236 1122 ς
2291 1045 2547 1126 collegis

442 1166 682 1209 novem
745 1143 980 1224 singuli
1045 1144 1296 1207 accensi
1351 1145 1779 1224 apparebant.
1873 1147 1960 1209 Et
2023 1146 2092 1207 in
2155 1147 2349 1209 unica
2398 1167 2549 1210 con-

443 1246 665 1309 cordia
737 1246 908 1308 inter
980 1245 1175 1325 ipSOS,
1253 1244 1366 1324 qui
1442 1265 1792 1308 consensus
1866 1246 2142 1325 privatis
2216 1247 2548 1310 interdum

377 1368 409 1412 9
441 1346 691 1408 inutilis
725 1351 846 1421 est,
885 1364 1146 1408 summa
1182 1344 1496 1408 adversus
1533 1345 1691 1408 alios
1744 1347 2042 1426 aequitas
2091 1354 2253 1410 erat.
2330 1347 2549 1410 Mode-

442 1446 714 1510 rationis
757 1466 983 1509 eorum
1029 1452 1491 1524 argumentum
1535 1445 1835 1525 exemplo
1892 1447 2085 1510 unius
2140 1447 2230 1509 rei
2286 1454 2548 1511 notasse

441 1548 603 1610 satis
644 1548 788 1609 erit.
879 1548 1042 1608 Cum
1085 1547 1224 1609 sine
1267 1546 1736 1625 provocatione
1780 1548 1980 1610 creati
2024 1554 2261 1625 essent,
2290 1547 2547 1611 defosso

443 1647 760 1710 cadavere
799 1646 979 1709 domi
1021 1646 1196 1726 apud
1240 1647 1310 1707 P.
1356 1647 1661 1722 Sestium,
1705 1648 2019 1726 patriciae
2060 1649 2270 1727 gentis
2311 1649 2545 1724 virum,

347 1767 405 1810 ιο
440 1748 712 1811 invento
757 1746 1145 1828 prolatoque
1188 1746 1258 1809 in
1302 1747 1695 1831 contionem,
1743 1747 1811 1808 in
1854 1768 1922 1811 re
1965 1748 2155 1812 iuxta
2198 1748 2549 1812 manifesta

444 1855 643 1927 atque
702 1847 905 1911 atroci
962 1848 1029 1910 C.
1090 1847 1296 1909 Iulius
1352 1846 1682 1908 decemvir
1736 1847 1910 1909 diem
1968 1848 2177 1911 Sestio
2233 1849 2422 1926 dixit,
2480 1855 2548 1912 et

444 1955 785 2010 accusator
827 1947 908 2010 ad
950 1948 1267 2027 populum
1308 1947 1587 2023 exstitit,
1632 1947 1814 2009 cuius
1854 1948 1945 2009 rei
1984 1948 2183 2011 iudex
2223 1946 2548 2026 legitimus

441 2055 603 2124 erat,
663 2049 1070 2128 decessitque
1125 2048 1264 2111 iure
1318 2067 1457 2123 suo,
1519 2053 1595 2109 ut
1652 2046 1997 2128 demptum
2054 2047 2136 2110 de
2194 2047 2288 2127 vi,
2316 2049 2548 2127 magis·

442 2155 658 2212 tratus
699 2149 923 2228 populi
964 2148 1252 2211 libertati
1295 2147 1598 2210 adiceret.

383 2268 406 2309 1
571 2249 893 2311 XXXIV.
941 2249 1104 2311 Cum
1151 2254 1535 2328 promptum
1590 2248 1710 2310 hoc
1764 2249 1884 2324 ine,
1925 2247 2107 2311 velut
2160 2269 2243 2311 ex
2286 2248 2547 2312 oraculo

443 2349 917 2429 incorruptum,
948 2349 1194 2428 pariter
1223 2348 1306 2410 ab
1342 2347 1419 2409 iis
1455 2348 1697 2410 summi
1732 2348 2070 2428 infimique
2097 2348 2361 2425 ferrent,
2402 2354 2547 2411 tum

446 2448 692 2529 legibus
748 2448 1102 2511 condendis
1156 2469 1355 2527 opera
1408 2447 1695 2509 dabatur
1705 2468 1721 2523 ;
1776 2448 2154 2528 ingentique
2209 2449 2547 2510 hominum

443 2550 901 2628 expectatione
944 2549 1292 2629 propositis
1334 2547 1560 2610 decem
1603 2548 1865 2624 tabulis,
1911 2549 2228 2628 populum
2273 2549 2355 2611 ad
2399 2569 2548 2612 con-

381 2665 411 2707 2
444 2650 690 2712 tionem
730 2649 1242 2724 advocaverunt,
1282 2654 1369 2723 et,
1410 2647 1588 2726 quod
1628 2648 1895 2723 bonum,
1922 2649 2237 2725 faustum,
2262 2648 2548 2728 felixque

443 2750 533 2812 rei
586 2748 904 2829 publicae,
959 2749 1114 2828 ipsis
1166 2748 1512 2826 liberisque
1562 2768 1788 2810 eorum
1839 2755 2029 2826 esset,
2082 2748 2174 2812 ire
2224 2755 2293 2812 et
2343 2747 2548 2835 legere

379 2864 409 2906 3
444 2848 612 2928 leges
658 2850 1027 2930 propositas
1073 2849 1339 2911 iussere:
1424 2867 1513 2923 se,
1564 2855 1889 2928 quantum
1937 2848 2161 2911 decem
2210 2849 2548 2911 hominum

444 2950 715 3027 ingeniis
756 2949 1081 3029 provideri
1123 2948 1431 3027 potuerit,
1475 2948 1801 3023 omnibuS,
1843 2949 2117 3011 summis
2157 2949 2544 3028 infimisque,

444 3049 587 3112 iura
642 3070 952 3129 aequasse
963 3069 979 3126 ;
1034 3049 1180 3128 plus
1235 3047 1473 3127 pollere
1529 3047 1887 3110 multorum
1942 3049 2202 3126 ingenia
2256 3048 2549 3111 consilia-

1547 3182 1727 3232 defosso
1766 3186 2002 3227 cadavere.
2067 3185 2127 3228 Ρ.
2160 3185 2428 3230 Sentium:
2461 3187 2547 3226 not

1549 3250 1633 3292 the
1665 3249 1929 3293 decemvir.

507 3185 557 3228 8.
589 3186 840 3231 Decimo:
893 3196 959 3228 se.
1004 3196 1203 3236 quoque:
1255 3185 1444 3233 ¹¹every

445 3253 590 3296 tenth
643 3253 795 3304 day.”
880 3252 1233 3304 praetectum
1282 3251 1444 3294 iuris:

445 3321 573 3363 after
593 3314 678 3363 the'
700 3320 912 3371 analogy
934 3321 986 3362 of
1008 3320 1270 3370 praefectus
1296 3318 1441 3366 urbis.

445 3398 538 3431 one
560 3392 612 3430 at
638 3389 722 3430 the
745 3387 871 3430 head
897 3398 983 3438 pro
1001 3388 1219 3436 tempore.
1296 3386 1446 3437 ting-

445 3454 527 3498 ull
561 3455 800 3498 nocenti:
837 3455 921 3497 the
952 3457 1049 3496 rest
1089 3453 1188 3495 had
1227 3453 1346 3495 each
1380 3464 1443 3494 an

1611 3318 1690 3360 1⁰.
1725 3318 1878 3361 diem
1937 3318 2102 3361 dixit:
2165 3317 2417 3368 “brought
2483 3327 2546 3360 an

1545 3384 1712 3427 action
1732 3384 1978 3435 against.”
2027 3385 2130 3429 rei:
2159 3403 2203 3418 ==
2229 3384 2275 3427 ci
2290 3395 2399 3426 reus
2416 3384 2548 3435 apud

1545 3462 1595 3494 se
1626 3451 1780 3502 tactus
1812 3452 1942 3496 esset.
2009 3452 2335 3502 demptum:
2368 3461 2449 3493 see
2480 3461 2546 3493 on

445 3521 726 3571 attendant,
751 3521 895 3564 while
919 3522 1003 3564 the
1024 3521 1192 3563 lictors
1223 3519 1444 3562 escorted

444 3588 562 3639 only
601 3589 686 3631 the
723 3589 1000 3639 praefectus.
1072 3586 1170 3639 qul
1216 3594 1446 3630 comen-

445 3663 564 3699 nu:
591 3666 669 3698 see
693 3666 757 3698 on
782 3667 900 3705 quae
926 3666 1093 3706 preces.
1127 3656 1167 3698 1.
1193 3656 1239 3697 9.
1271 3655 1343 3698 16.

506 3724 557 3767 9.
590 3722 710 3766 sine
736 3723 1155 3774 provocatione:
1183 3722 1321 3765 there
1344 3733 1445 3764 was

444 3801 509 3833 no
541 3791 670 3841 right
706 3791 758 3832 of
789 3790 964 3842 appeal
998 3791 1124 3832 from
1158 3791 1286 3833 their
1318 3790 1446 3832 deci-

445 3861 591 3902 sionS.
667 3858 926 3900 invento:
972 3858 1057 3900 the
1101 3857 1350 3909 predicate
1393 3858 1446 3899 of

1545 3519 1883 3569 decertet-atum,
1918 3519 1960 3562 1.
1988 3520 2067 3563 53.
2100 3520 2141 3562 1.

1609 3585 1853 3629 XXXIV.
1952 3587 2005 3630 2.
2090 3585 2242 3637 quod
2308 3584 2544 3636 bonum.

1545 3653 1826 3706 faustum,
1871 3653 2117 3704 felixque
2165 3682 2178 3696 .
2238 3682 2252 3696 .
2321 3681 2334 3695 .
2380 3653 2547 3695 esset:

1546 3731 1611 3763 an
1652 3721 1997 3772 introductory
2048 3720 2169 3763 wish
2227 3721 2367 3763 often
2427 3718 2545 3762 used

1545 3789 1596 3830 in
1633 3788 1808 3831 formal
1844 3791 2283 3832 announcements.
2358 3785 2449 3830 See
2480 3796 2546 3827 on

1547 3857 1622 3899 26.
1649 3858 1695 3900 9.
