2975 4367
376 440 409 487 8

346 1643 406 1686 10

1337 247 1573 300 LIBER
1609 247 1637 299 I
2468 250 2539 301 49

442 249 594 303 xxiv.
635 248 692 315 2]

442 429 819 511 vicinosque
853 429 1129 511 populos
1179 429 1262 492 ad
1316 449 1499 492 arma
1533 426 1852 493 stimulat.
1944 427 2191 509 Neque,
2239 434 2410 492 recte
2449 450 2535 492 an

441 550 802 611 perperam,
865 529 1283 609 interpretor3
1346 528 1542 592 fuerit
1604 529 1733 592 ista
1792 529 1930 590 eius
1974 527 2374 605 deliberatio,
2422 528 2535 610 qui

443 630 684 693 bellum
727 629 1013 709 suscepit
1023 650 1041 708 3
1094 649 1197 691 me
1255 628 1492 691 Albani
1539 627 1816 708 gerendo
1867 627 2034 691 bello
2079 627 2313 691 ducem
2364 648 2536 691 crea-

443 750 611 793 vere.
722 728 894 792 Illud
981 734 1067 806 te,
1139 728 1342 806 Tulle,
1407 729 1731 791 monitum
1794 728 2016 791 velim:
2100 730 2378 793 Etrusca
2437 750 2537 793 res

442 837 694 911 quanta
754 830 925 893 circa
983 848 1102 893 nos
1162 836 1357 910 teque
1427 829 1712 892 maxime
1787 829 1893 905 sit,
1958 848 2088 909 quo
2147 830 2411 910 propior
2468 849 2537 892 es

442 931 688 1008 TusciS,
743 932 865 993 hoc
925 930 1131 1009 magis
1184 929 1328 992 scis,
1436 929 1719 992 Multum
1778 929 1871 990 illi
1932 936 2124 1006 terra,
2182 930 2534 1011 plurimum

443 1031 624 1093 mari.
667 1019 935 1112 pollent.
1027 1031 1275 1093 Memor
1332 1036 1495 1106 esto,
1555 1029 1687 1092 iam
1757 1050 1907 1092 cum
1963 1030 2222 1109 signum
2279 1050 2535 1110 pugnae

442 1129 648 1208 dabis,
709 1131 829 1193 has
885 1129 1050 1193 duas
1099 1131 1268 1193 acies
1302 1129 1675 1209 spectaculo
1722 1130 1879 1206 fore,
1921 1136 1998 1194 ut
2040 1131 2240 1193 fessos
2286 1131 2537 1193 confec-

442 1238 694 1312 tosque,
724 1230 917 1292 simul
947 1230 1261 1293 victorem
1291 1250 1366 1293 ac
1395 1230 1668 1306 victum,
1699 1228 2183 1310 adgrediantur.
2274 1231 2529 1311 Itaque,

441 1330 496 1393 si
528 1351 646 1393 nos
677 1330 744 1393 di
779 1337 1027 1407 amant,
1063 1330 1372 1411 quoniam
1405 1351 1538 1393 non
1571 1330 1863 1393 contenti
1912 1329 2211 1393 libertate
2246 1338 2421 1393 certa
2466 1331 2533 1394 in

442 1430 711 1493 dubiam
743 1430 998 1511 imperii
1029 1431 1404 1511 servitiique
1438 1429 1648 1492 aleam
1688 1429 1878 1506 imus,
1916 1430 2211 1492 ineamus
2248 1430 2559 1511 aliquam·

443 1530 639 1608 viam,
693 1551 846 1611 qua,
884 1531 1017 1593 utri
1066 1530 1232 1592 utris
1288 1529 1632 1609 imperent,
1673 1529 1810 1591 sine
1864 1550 2102 1609 magna
2156 1529 2357 1606 clade,
2398 1530 2534 1593 sine

442 1631 648 1694 multo
688 1630 1001 1710 sanguine
1039 1630 1381 1711 utriusque
1415 1629 1641 1709 populi
1677 1628 1933 1692 decerni
1994 1630 2243 1710 possit.'
2334 1630 2531 1694 Haud

404 1728 738 1810 displicet
798 1749 899 1791 res
959 1729 1166 1804 Tullo,
1209 1749 1615 1811 quamquam
1682 1727 1834 1791 cum'
1891 1729 2106 1793 indole
2148 1729 2347 1793 animi
2388 1737 2531 1793 tum

441 1849 555 1909 spe
581 1830 893 1894 victoriae
932 1830 1204 1893 ferocior
1235 1837 1398 1893 erat.
1488 1829 1967 1906 Quaerentibus
2002 1829 2332 1911 utrimque
2365 1830 2532 1894 ratio

440 1930 660 2007 initur,
722 1930 825 1992 cui
880 1936 949 1994 et
1006 1930 1272 1993 fortuna
1310 1930 1454 2008 ipsa
1493 1929 1795 2010 praebuit
1837 1930 2199 1993 materiam.

565 2031 816 2093 XXIV.
866 2031 1062 2093 Forte
1097 2030 1166 2091 in
1202 2029 1458 2092 duobus
1494 2035 1639 2092 tum
1690 2029 2083 2092 exercitibus
2117 2036 2305 2093 erant
2341 2031 2533 2111 trige-

443 2129 599 2192 mini
639 2129 871 2193 fratres
926 2149 1043 2192 nec
1099 2136 1316 2193 aetate
1369 2149 1486 2191 nec
1529 2129 1775 2191 viribus
1830 2129 2137 2208 dispares,
2222 2130 2533 2195 Horatios

440 2229 890 2311 Curiatiosque
911 2230 1108 2292 fuisse
1135 2230 1294 2291 satis
1322 2236 1601 2305 constat,
1627 2249 1743 2291 nec
1766 2229 1967 2292 ferme
1989 2248 2088 2292 res
2112 2231 2384 2312 antiqua
2407 2231 2534 2295 alia

440 2336 539 2393 est
568 2329 843 2393 nobilior
852 2350 868 2407 ;
898 2336 1122 2392 tamen
1149 2330 1218 2391 in
1247 2349 1314 2391 re
1342 2336 1482 2392 tam
1515 2329 1687 2392 clara
1715 2329 2054 2393 nominum
2082 2350 2258 2394 error
2286 2339 2528 2409 manet,

438 2429 649 2492 utrius
697 2430 922 2510 populi
973 2429 1251 2505 Horatii,
1288 2429 1501 2491 utrius
1540 2429 1811 2492 Curiatii
1859 2430 2120 2494 fuerint.
2215 2432 2531 2495 Auctores

439 2536 717 2609 utroque
775 2531 1076 2606 trahunt;
1133 2528 1349 2608 plures
1405 2535 1630 2591 tamen
1686 2529 1966 2606 inveniO,
2028 2531 2140 2611 qui
2199 2532 2532 2595 Romanos

441 2628 749 2692 Horatios
797 2635 1060 2706 vocent;
1108 2631 1227 2691 hos
1271 2634 1349 2690 ut
1395 2647 1648 2710 sequar,
1691 2629 1960 2692 inclinat
2003 2630 2275 2692 animus,
2367 2633 2530 2695 Cum

439 2729 796 2809 trigeminis
840 2735 1043 2809 agunt
1086 2747 1284 2808 reges,
1328 2735 1406 2791 ut
1448 2748 1567 2808 pro
1609 2747 1729 2791 sua
1771 2730 2045 2810 quisque
2088 2731 2302 2810 patria
2345 2731 2532 2794 dimi-

439 2835 587 2893 cent
622 2830 816 2892 ferro:
853 2829 943 2891 ibi
978 2828 1322 2909 imperium
1358 2828 1515 2904 fore,
1544 2827 1717 2890 unde
1746 2829 2019 2892 victoria
2055 2830 2269 2894 fuerit.
2352 2827 2527 2894 Nihil

1513 2979 1595 3024 „be
1622 2979 1842 3025 decided.

1551 3066 1558 3073 ·
1596 3048 1675 3091 1⁰.
1707 3056 1818 3091 res:
1878 3049 2274 3101 ⁰·proposition.”
2361 3051 2533 3104 Quae-

435 2980 617 3025 dictu:
651 2981 826 3033 supine
857 2980 980 3025 with
1011 2991 1120 3025 vera
1151 2991 1207 3024 as
1239 2979 1346 3024 well
1379 2990 1436 3024 as

434 3049 555 3092 with
582 3050 809 3100 speciosa.

498 3118 548 3159 8.
579 3117 753 3160 ructet
803 3126 868 3159 sc.
920 3117 1019 3167 fiat.
1100 3115 1298 3159 ruerit:
1348 3115 1436 3159 the

433 3182 528 3226 less
556 3193 785 3226 common
814 3184 1075 3234 hortatory
1103 3185 1155 3226 of
1184 3184 1270 3226 the
1299 3187 1433 3235 past:

432 3250 510 3294 Le.
548 3251 588 3294 it
626 3260 744 3301 may
781 3251 888 3294 well
925 3251 1054 3293 have
1091 3251 1213 3293 been
1252 3261 1282 3293 a
1319 3251 1434 3294 sub-

432 3316 531 3367 ieet
575 3318 651 3360 ror
693 3317 964 3360 discussion
1007 3317 1142 3361 then.
1220 3325 1334 3360 me:
1378 3328 1433 3360 as

434 3385 509 3427 far
553 3395 608 3427 as
653 3384 676 3427 Ι
723 3395 804 3427 am
849 3384 1140 3432 concerned;
1185 3388 1303 3427 note
1346 3384 1433 3428 the

431 3454 668 3494 eontrast.
735 3452 977 3502 gerendo
1010 3451 1177 3494 bello:
1223 3451 1309 3495 the
1354 3463 1434 3503 ge-

431 3518 640 3561 rundive
669 3518 773 3561 dat.
797 3519 840 3561 is
861 3529 1090 3561 common
1112 3520 1162 3561 in
1186 3518 1433 3570 designat-

430 3585 515 3636 ing
539 3585 626 3629 the
651 3586 874 3629 function
900 3586 952 3628 of
977 3597 1041 3628 an
1067 3586 1258 3630 official.
1318 3595 1432 3638 quo

434 3680 450 3694 .
490 3681 504 3694 .
546 3681 559 3695 .
596 3651 726 3695 hoct
760 3652 883 3696 with
918 3663 1134 3704 compar.
1170 3653 1269 3697 like
1304 3653 1429 3705 Eng.

432 3718 558 3762 “the
583 3750 596 3763 .
625 3752 635 3762 .
665 3751 676 3763 .
704 3720 840 3763 the.”

491 3787 542 3829 0.
574 3786 917 3837 spectaculo:
960 3786 1064 3830 dat.
1108 3788 1160 3830 01¹
1201 3799 1427 3840 purpose.

429 3853 544 3902 utri
586 3882 600 3900 .
642 3884 654 3897 .
696 3884 709 3899 .
745 3855 1052 3906 imperent:
1089 3855 1175 3902 the
1210 3856 1338 3903 issue
1375 3860 1429 3899 to

1531 3115 1811 3158 rentibus:
1835 3115 1938 3159 dat.
1963 3117 2015 3158 of
2037 3120 2199 3167 agent,
2225 3118 2387 3169 poetic
2409 3119 2531 3162 with

1531 3183 1704 3234 simple
1733 3183 1883 3225 forms
1911 3183 1963 3225 of
1991 3182 2077 3226 the
2105 3185 2312 3235 passive.

1594 3249 1785 3293 XXIV.
1822 3250 1869 3292 1.
1902 3250 1965 3293 in
2014 3279 2028 3293 .
2078 3280 2091 3294 .
2141 3280 2155 3294 .
2201 3250 2371 3294 clara:
2417 3263 2531 3295 con-

1530 3318 1727 3367 cessive,
1774 3318 2029 3369 repeating
2072 3318 2157 3361 the
2199 3318 2310 3361 idea
2353 3320 2405 3362 of
2446 3309 2544 3363 no-'

1530 3385 1683 3428 bilior.
1832 3393 2005 3428 error:
2122 3386 2530 3438 ¹·uncertainty.”

1530 3452 1773 3503 utroque
1803 3452 2069 3495 trahunt:
2100 3453 2163 3496 cf.
2197 3455 2241 3498 7.
2278 3455 2318 3497 1.
2383 3454 2530 3497 Writ-

1531 3531 1606 3564 ers
1631 3520 1775 3562 claim
1803 3520 1939 3562 them
1967 3520 2089 3563 both
2115 3531 2266 3572 ways,
2318 3521 2528 3572 plures:

1530 3598 1594 3630 an
1623 3587 1894 3637 ingenuous
1922 3587 2052 3630 basis
2080 3588 2132 3630 ot
2159 3588 2373 3631 decision
2403 3589 2527 3631 from

1530 3665 1560 3697 a
1584 3653 1787 3697 modern
1812 3655 1951 3705 point
1977 3655 2028 3696 of
2052 3655 2191 3698 view.

1591 3722 1642 3763 2.
1676 3721 1744 3764 ut
1789 3749 1802 3763 .
1849 3750 1861 3762 .
1908 3751 1921 3763 .
1963 3721 2260 3765 dimicent:
2301 3733 2331 3765 a
2371 3723 2526 3766 subst.

1529 3789 1692 3831 clause
1711 3788 1763 3830 01¹
1783 3799 2008 3839 purpose.
2063 3788 2239 3835 unde:
2260 3800 2332 3836 we
2353 3790 2525 3837 should

1527 3866 1616 3913 say
1646 3855 1898 3902 “where.”
