2975 4367
325 268 462 363 xiiv.⁸
505 305 559 373 2]
1187 305 1422 362 LIBER
1459 307 1551 360 111
2347 310 2418 364 97

326 478 477 551 rant
524 485 956 569 expeditionis
1002 484 1140 550 eius
1179 486 1469 563 comites,
1507 493 1581 551 ut
1614 508 1764 552 eum
1798 496 2170 569 opportuno
2205 490 2419 554 adorti

258 605 290 645 4
322 585 467 651 loco
511 587 967 650 interficerent.
1058 586 1255 649 Haud
1301 587 1586 650 inultum
1622 587 1998 652 interfecere
2008 610 2024 666 ;
2070 611 2222 652 nam
2253 590 2422 653 circa

328 693 800 768 repugnantem
852 686 1101 767 aliquot
1151 685 1562 750 insidiatores
1612 687 1914 764 cecidere,
1969 710 2117 752 cum
2169 690 2304 770 ipse
2353 710 2422 754 se

328 786 740 868 praevalidus
787 786 926 866 pari
976 785 1221 849 viribus
1268 786 1486 849 animo
1536 787 2020 851 circumventus
2070 795 2417 854 tutaretur.

260 905 291 947 5
329 888 389 950 N
393 887 656 950 untiant
699 886 766 948 in
809 891 1024 950 castra
1060 886 1256 949 ceteri
1292 887 1796 965 praecipitatum
1841 888 1908 949 in
1951 888 2215 953 insidias
2257 911 2394 955 esse
2404 912 2420 969 ;

328 988 606 1051 Siccium
646 986 895 1066 egregie
936 992 1339 1066 pugnantem
1382 985 1750 1067 militesque
1792 987 2110 1067 quosdam
2155 1011 2303 1053 cum
2344 1011 2421 1054 eo

259 1103 292 1146 c
329 1088 616 1152 amissos
707 1087 924 1149 Primo
954 1085 1112 1149 fides
1153 1086 1616 1149 nuntiantibus
1656 1087 1810 1164 fuit;
1854 1088 2150 1166 profecta
2188 1090 2421 1154 deinde

329 1188 557 1251 cohors
597 1186 679 1250 ad
721 1186 1121 1266 sepeliendos
1162 1187 1275 1267 qui
1316 1185 1683 1249 ceciderant
1723 1187 2238 1251 decemvirorum
2281 1210 2422 1269 per-

329 1288 547 1364 missu,
581 1293 933 1367 postquam
963 1285 1215 1349 nullum
1245 1285 1599 1366 spoliatum
1629 1286 1720 1349 ibi
1751 1307 1984 1366 corpus
2015 1289 2421 1369 Sicciumque

327 1387 395 1450 in
456 1387 667 1450 medio
726 1388 1047 1450 iacentem
1108 1393 1457 1462 armatum,
1521 1385 1826 1450 omnibus
1885 1386 1952 1449 in
2011 1407 2162 1450 eum
2222 1390 2422 1453 versis

329 1487 723 1567 corporibus,
793 1487 1031 1563 videre,
1102 1486 1388 1549 hostium
1454 1505 1666 1566 neque
1734 1507 1966 1566 corpus
2033 1487 2235 1552 ullum
2304 1509 2420 1552 nec

328 1587 602 1666 vestigia
664 1587 1069 1663 abeuntium,
1118 1585 1413 1666 profecto
1476 1586 1561 1648 ab
1623 1585 1755 1648 suis
1817 1586 2235 1651 interfectum
2290 1609 2422 1652 me-

263 1704 292 1746 7
328 1694 656 1750 morantes
673 1685 980 1750 rettulere
997 1706 1248 1765 corpus.
1326 1684 1753 1766 Invidiaeque
1771 1685 1965 1765 plena
1982 1696 2196 1752 castra
2211 1695 2418 1766 erant,

326 1793 394 1849 et
437 1788 714 1849 Romam
755 1786 905 1848 ferri
943 1786 1242 1866 protinus
1281 1786 1561 1849 Siccium
1601 1785 1925 1865 placebat,
1967 1788 2035 1849 ni
2073 1788 2421 1852 decemviri

327 1886 548 1967 funus⁸
578 1885 858 1949 militare
911 1885 970 1948 ei
1025 1884 1288 1965 publica
1340 1886 1637 1964 impensa
1691 1885 1902 1949 facere
1958 1894 2416 1952 maturassent.

328 1986 634 2066 Sepultus
695 1987 941 2065 ingenti
1019 1985 1301 2048 militum
1380 1985 1732 2062 maestitia,
1812 1987 2095 2066 pessima
2169 1989 2422 2053 decem-

329 2086 612 2148 virorum
654 2087 720 2149 in
760 2087 991 2165 vulgus
1030 2086 1209 2149 fama
1246 2092 1363 2149 est.

264 2204 286 2244 1
451 2186 688 2248 XLIV.
738 2187 1044 2267 Sequitur
1071 2185 1243 2249 aliud
1282 2186 1349 2248 in
1378 2186 1537 2249 urbe
1564 2186 1747 2250 nefas
1775 2187 1859 2250 ab
1889 2186 2152 2251 libidine
2179 2194 2417 2266 ortum,

328 2284 501 2349 haud
567 2286 780 2349 minus
846 2286 1035 2348 foedo
1101 2291 1364 2363 eventu,
1424 2306 1626 2367 quam
1699 2287 1875 2367 quod
1951 2308 2064 2366 per
2119 2296 2419 2369 stuprum

327 2386 720 2467 caedemque
748 2386 1083 2449 Lucretiae
1110 2386 1269 2449 urbe
1294 2406 1620 2466 regnoque
1641 2387 2027 2466 Tarquinios
2059 2388 2418 2469 expulerat,

329 2491 402 2547 ut
455 2507 586 2548 non
653 2486 797 2549 finis
848 2485 1057 2550 solum
1111 2486 1282 2548 idem
1340 2485 1742 2563 decemviriS,
1803 2487 1916 2567 qui
1973 2489 2249 2567 regibus,
2307 2490 2420 2553 sed

328 2606 523 2649 causa
553 2587 752 2649 etiam
788 2586 1018 2649 eadem
1054 2585 1306 2666 imperii
1343 2585 1693 2648 amittendi
1728 2593 1917 2650 esset.

339 2756 346 2761 ,
453 2686 574 2766 Ap.
647 2687 990 2750 Claudium
1060 2685 1325 2765 virginis
1395 2684 1684 2766 plebeiae
1753 2688 2154 2767 stuprandae
2224 2688 2422 2753 libido

263 2803 293 2844 2
328 2786 518 2865 cepit.
610 2787 806 2850 Pater
856 2786 1141 2865 virginis,
1197 2787 1267 2848 L.
1315 2786 1674 2864 Verginius,
1730 2786 2077 2850 honestum
2129 2789 2420 2852 ordinem

326 2884 395 2948 in
444 2886 674 2965 Algido
725 2886 1028 2963 ducebat,
1083 2885 1182 2948 vir
1230 2884 1512 2965 exempli
1561 2886 1721 2948 recti
1771 2878 1950 2949 dorni
2001 2887 2417 2970 militiaeque.

328 2984 601 3049 Perinde
655 3007 820 3050 uxor
872 2987 1183 3049 instituta
1234 2985 1469 3061 fuerat,
1518 2984 1829 3067 liberique
1883 2987 2416 3052 instituebantur.

391 3223 440 3266 4.
473 3219 639 3266 Haud
658 3218 941 3264 inultum:
969 3220 1095 3263 “not
1110 3219 1321 3263 without
1486 3219 1666 3266 XLIV.
1703 3223 1750 3265 1.
1784 3223 2096 3275 expulerat:
2171 3227 2247 3269 Le..
2324 3226 2421 3269 had

325 3288 498 3339 telling
512 3288 826 3331 resistance.’'
883 3288 1106 3331 clrctz=
1128 3289 1321 3331 circum.
1421 3289 1599 3331 caused
1635 3291 1762 3333 their
1794 3292 2072 3343 expulsion;
2106 3294 2424 3347 brachylogy.

325 3356 445 3406 pan
473 3383 487 3398 .
516 3384 529 3398 .
558 3383 571 3397 .
595 3355 812 3398 animo:
861 3356 1021 3398 “with
1054 3365 1084 3397 a
1115 3365 1324 3405 courage
1484 3358 1535 3399 2.
1570 3358 1879 3402 honestum
1937 3360 2193 3404 ordinem
2255 3390 2269 3404 .
2331 3390 2347 3406 .
2411 3391 2425 3405 .

325 3421 470 3472 equal
495 3425 549 3465 to
574 3420 649 3464 his
675 3421 952 3472 strength.”
1423 3425 1688 3469 ducebat:
1733 3427 1872 3468 “was
1913 3427 2108 3477 serving
2148 3439 2201 3471 as
2242 3439 2273 3471 a
2313 3440 2426 3473 cen-

389 3491 439 3532 e.
470 3490 657 3533 videre
693 3518 707 3532 .
743 3518 757 3531 .
794 3518 807 3532 .
837 3488 1129 3533 rettulere:
1161 3500 1325 3540 agree-
1423 3493 1587 3535 turion
1605 3494 1725 3535 with
1742 3493 2081 3539 distinction.'’
2128 3495 2425 3549 liberique:

325 3560 461 3600 ment
489 3557 750 3606 according
775 3560 827 3599 to
854 3568 1006 3600 sense.
1424 3562 1514 3604 but
1547 3565 1598 3603 at
1631 3564 1707 3604 45.
1740 3563 1769 3604 9
1802 3563 2028 3612 Verginia
2058 3564 2099 3606 is
2128 3566 2275 3607 unica
2304 3566 2425 3617 filia.

387 3628 437 3669 7.
470 3625 580 3669 ent:
611 3624 729 3667 with
766 3626 994 3674 sepultus.
1425 3629 1497 3672 Cf.
1529 3629 1648 3671 Gell.
1691 3633 1733 3673 2.
1778 3631 1832 3672 13
1869 3630 2057 3681 antiqui
2092 3633 2235 3675 etiam
2271 3643 2424 3675 unum

328 3697 447 3740 XLI
455 3698 759 3742 V-XLVIII.
788 3700 832 3741 7.
849 3698 1037 3742 XLIX.
1065 3698 1148 3743 LI.
1169 3700 1323 3742 11-13.
1423 3697 1580 3747 filium
1606 3697 1812 3747 filiamve
1840 3697 2079 3740 “liberos”
2105 3700 2425 3749 appellarunt.

394 3765 530 3808 THE
573 3765 794 3809 STORY
840 3765 925 3808 OF
976 3766 1328 3816 VERGINIA:
1424 3764 1528 3806 The
1566 3764 1777 3806 German
1817 3765 1996 3808 “Weib
2034 3767 2136 3809 und
2176 3768 2347 3811 Kind'’
2385 3769 2428 3816 is

389 3832 551 3943 ἕῙΕὗῗΒ
565 3831 1045 3878 PERSE'CUTION
1082 3832 1176 3878 BY
1215 3832 1328 3876 ΑΡ·
1425 3832 1511 3874 the
1537 3841 1727 3875 reverse
1754 3833 1983 3886 practice.
