2975 4367
393 299 472 357 iii.
508 299 564 365 8]

333 494 354 534 1
393 480 517 543 bus
594 485 976 559 exposcunt.

1269 295 1509 352 LIBER
1547 297 1637 350 IX

2393 302 2492 353 141

1069 478 1193 540 III.
1243 477 1602 555 Querentes
1681 476 1886 558 magis
1965 499 2166 560 quam
2244 479 2494 544 consul-

397 586 616 644 tantes
649 600 782 642 nox
813 578 1155 658 oppressit,
1191 598 1341 641 cum
1372 598 1492 657 pro
1525 577 1781 658 ingenio
1816 578 2089 659 quisque
2121 579 2489 658 fremerent,

398 679 587 744 alius:
691 681 837 758 ‘per
886 677 1101 740 obices
1154 677 1431 755 viarum,
1484 697 1602 757 per
1653 677 1929 741 adversa
1981 678 2324 755 montium,
2379 699 2496 759 per

334 792 362 833 2
395 779 613 855 silvas,
653 798 786 859 qua
820 775 969 840 ferri
1006 797 1189 840 arma
1221 783 1556 856 poterunt,
1593 797 1846 854 eamus;
1884 778 2078 840 modo
2117 778 2199 840 ad
2237 779 2491 841 hostem

396 878 734 959 pervenire
796 877 1005 952 liceat,
1071 896 1266 957 quem
1327 896 1443 955 per
1505 897 1709 940 annos
1769 877 1901 939 iam
1961 897 2164 957 prope
2225 878 2497 957 triginta

400 978 720 1041 vincimus
731 997 747 1054 ;
790 977 1013 1040 omnia
1056 996 1267 1057 aequa
1307 982 1375 1038 et
1418 975 1618 1056 plana
1658 983 1851 1039 erunt
1896 978 2196 1040 Romano
2240 977 2307 1040 in
2349 999 2493 1058 per-

333 1092 364 1133 3
398 1078 604 1141 fidum
642 1077 1004 1141 Samnitem
1040 1076 1407 1155 pugnanti?
1449 1075 1637 1138 alius:
1712 1077 1873 1157 ‘quo
1911 1083 2027 1139 aut
2065 1098 2196 1157 qua
2230 1081 2493 1140 eamus?

401 1178 577 1241 Num
605 1182 860 1240 montes
887 1175 1094 1238 moliri
1111 1175 1261 1238 sede
1279 1196 1399 1238 sua
1414 1178 1761 1255 paramus?
1828 1177 2005 1239 Dum
2025 1177 2181 1239 haec
2200 1178 2496 1240 immine-

398 1279 567 1340 bunt
613 1277 783 1356 iuga,
833 1296 967 1356 qua
1010 1280 1087 1339 tu
1135 1275 1217 1338 ad
1264 1277 1521 1338 hostem
1570 1275 1826 1338 venies?
1914 1276 2168 1340 Armati
2196 1278 2491 1354 inermeS,

399 1379 600 1440 fortes
655 1375 896 1456 ignavi,
954 1376 1199 1456 pariter
1251 1395 1478 1438 omnes
1535 1375 1712 1454 capti
1770 1382 1970 1456 atque
2027 1376 2186 1440 victi
2241 1397 2493 1454 sumus;
2569 1438 2573 1442 .

400 1498 480 1541 ne
537 1478 781 1540 ferrum
840 1475 1104 1557 quidem
1165 1473 1247 1537 ad
1306 1475 1471 1537 bene
1532 1475 1940 1538 moriendum
1998 1474 2338 1540 oblaturus
2394 1483 2496 1540 est

273 1654 278 1659 .
332 1595 364 1635 4
398 1577 623 1654 hostis,
686 1576 916 1640 sedens
976 1573 1219 1638 bellum
1280 1575 1620 1638 conficiet.'
1713 1575 1835 1639 His
1883 1575 2164 1638 invicem
2209 1597 2497 1640 sermon-

399 1678 544 1740 ibus
595 1698 727 1757 qua
775 1675 922 1753 cibi,
975 1696 1107 1756 qua
1156 1674 1393 1756 quietis
1442 1675 1787 1738 immemor
1834 1696 1967 1739 nox
2016 1677 2324 1741 traducta
2370 1682 2491 1741 est.

528 1778 625 1839 Ne
671 1775 1074 1841 Samnitibus
1119 1774 1384 1855 quidem
1430 1774 1770 1838 consilium
1815 1776 1884 1838 in
1929 1783 2070 1839 tam
2115 1776 2301 1840 laetis
2345 1798 2500 1856 sup-

399 1878 669 1959 petebat
738 1877 950 1939 rebus.
1042 1875 1279 1955 Itaque
1336 1875 1620 1938 universi
1691 1876 2092 1939 Herennium
2162 1877 2495 1955 Pontium,

399 1969 656 2059 patrem
713 1974 1144 2055 imperatorie,
1203 1994 1318 2054 per
1373 1972 1626 2038 litteras
1681 1975 2151 2039 consulendum
2209 1983 2494 2041 censent.

333 2097 364 2140 5
402 2078 545 2141 Iam
589 2076 642 2140 is
686 2076 900 2156 gravis
946 2075 1132 2139 annis
1174 2095 1307 2137 non
1350 2072 1741 2138 militaribus
1782 2074 2014 2152 solum,
2041 2075 2154 2140 sed
2199 2076 2497 2141 civilibus

401 2196 661 2258 quoque
699 2176 1097 2239 abscesserat
1134 2174 1510 2237 muneribus
1520 2195 1537 2253 ;
1573 2172 1642 2237 in
1676 2195 1940 2255 corpore
1976 2181 2202 2239 tamen
2237 2176 2496 2241 adfecto

334 2296 366 2339 6
401 2277 665 2357 vigebat
692 2276 790 2338 vis
828 2275 1028 2338 animi
1064 2274 1458 2354 consiliique.
1551 2273 1618 2337 Is
1653 2274 1767 2337 ubi
1804 2276 2054 2355 accepit
2092 2276 2174 2339 ad
2211 2276 2496 2340 furculas

400 2376 726 2441 Caudinas
749 2377 921 2438 inter
941 2376 1106 2437 duos
1128 2373 1334 2437 saltus
1357 2373 1609 2438 clausos
1631 2394 1769 2438 esse
1791 2376 2111 2439 exercitus
2137 2377 2491 2454 RomanOS,

400 2475 735 2545 consultus
763 2476 847 2539 ab
874 2474 1107 2537 nuntio
1135 2473 1247 2535 filii
1274 2474 1526 2537 censuit
1552 2494 1777 2538 omnes
1804 2474 1954 2537 inde
1983 2495 2184 2556 quam
2210 2476 2494 2555 primum

336 2598 365 2641 7
399 2576 749 2640 inviolatos
790 2574 1240 2638 dimittendos.
1332 2573 1515 2649 Quae
1572 2574 1687 2638 ubi
1740 2582 1962 2654 spreta
2016 2576 2343 2639 sententia
2397 2584 2497 2640 est

400 2679 769 2757 iterumque
828 2675 1059 2739 eodem
1120 2680 1450 2737 remeante
1514 2673 1745 2737 nuntio
1806 2673 2284 2753 consulebatur,
2348 2697 2496 2740 cen-

333 2799 367 2843 s
399 2778 533 2841 suit
607 2776 691 2841 ad
766 2796 971 2839 unum
1043 2794 1268 2838 omnes
1323 2773 1825 2838 interficiendos.
1916 2774 2098 2851 Quae
2170 2776 2283 2838 ubi
2358 2783 2498 2840 tam

401 2877 726 2942 discordia
788 2877 958 2938 inter
1018 2895 1088 2938 se
1151 2873 1331 2937 velut
1392 2894 1475 2937 ex
1539 2874 1807 2953 ancipiti
1867 2874 2128 2938 oraculo
2190 2896 2500 2956 responsa

400 2979 564 3041 data
602 2984 777 3052 sunt,
823 2982 1227 3056 quamquam
1270 2972 1438 3036 filius
1479 2973 1618 3054 ipse
1659 2974 1727 3036 in
1767 2975 1991 3054 primis
2032 2975 2164 3038 iam
2206 2976 2498 3039 animum

401 3097 663 3161 quoque
719 3076 926 3155 patris
983 3073 1391 3138 consenuisse
1448 3073 1516 3135 in
1573 3073 1832 3137 adfecto
1889 3095 2153 3154 corpore
2209 3076 2495 3153 rebatur,

463 3230 560 3274 III.
597 3229 646 3272 1.
679 3236 776 3281 per
814 3227 1048 3271 adversa
1087 3225 1400 3269 montium:

400 3299 477 3342 for
523 3299 796 3348 symmetry
841 3293 963 3337 with
1009 3293 1096 3337 the
1141 3293 1402 3345 preceding

401 3365 590 3417 phrase.
660 3360 854 3405 instead
920 3360 974 3404 oi
1039 3370 1123 3411 per
1186 3360 1401 3403 adversos

399 3432 592 3475 montes.

464 3500 514 3542 8.
549 3496 758 3540 moliri:
787 3513 830 3529 ==
856 3494 1063 3543 amoliri,
1129 3495 1246 3536 *‘·to
1330 3504 1402 3537 re-

400 3565 597 3608 move.''
651 3564 743 3607 tu:
764 3563 850 3606 the
870 3563 975 3605 first
998 3561 1216 3613 speaker,
1239 3560 1402 3604 whose

401 3632 541 3676 three
599 3632 765 3683 points
823 3640 906 3672 are
964 3628 1259 3681 specifically
1317 3639 1403 3671 an-

401 3698 600 3742 swered.
664 3696 885 3741 sedens:
916 3696 1229 3739 adversative
1257 3704 1403 3746 asyn-

402 3767 568 3815 deton,
601 3765 819 3818 possibly
847 3767 902 3807 to
929 3762 1076 3807 avoid
1106 3763 1192 3806 the
1218 3761 1403 3805 combi-

401 3832 575 3877 nation
605 3832 686 3875 sed
713 3831 893 3874 sedens.
956 3828 1046 3873 See
1074 3838 1140 3871 on
1170 3829 1215 3872 7.
1246 3829 1323 3871 31.
1355 3829 1400 3872 8.

465 3899 663 3949 4.qua
705 3926 718 3940 .
762 3927 775 3940 .
818 3895 1198 3948 ‚qum-et.
1240 3924 1254 3937 .
1294 3925 1304 3936 .
1344 3896 1400 3937 et.

1502 3227 1572 3269 Cf.
1604 3227 1729 3278 Eng.
1761 3226 1935 3271 “what
1964 3228 2136 3278 with,”
2164 3229 2217 3271 in
2245 3228 2500 3273 adverbia-l

1500 3303 1652 3336 sense.

1562 3362 1610 3404 δ.
1644 3359 1891 3405 adiecto:
1921 3360 2200 3404 “broken''

1562 3428 1611 3469 6.
1645 3427 1942 3472 exercitus:
1992 3427 2077 3471 the
2126 3431 2225 3471 two
2273 3429 2502 3474 consular

1501 3494 1689 3544 armieS,
1717 3495 1871 3537 about
1898 3494 2070 3544 36,ooo
2095 3506 2224 3539 men.

1563 3561 1612 3602 8.
1645 3558 1804 3603 velut
1851 3590 1865 3602 .
1913 3590 1927 3603 .
1975 3590 1988 3602 .
2033 3561 2280 3604 oraculo:
2326 3562 2421 3604 “as
2462 3564 2501 3605 it

1501 3628 1627 3669 from
1654 3638 1717 3670 an
1746 3627 1904 3669 oracle
1931 3627 2051 3668 with
2078 3627 2143 3669 its
2170 3628 2499 3681 ambiguity.”

1503 3695 1652 3739 Otten
1703 3693 1789 3737 the
1838 3703 2091 3750 responses
2142 3695 2262 3737 took
2313 3706 2343 3738 a
2392 3708 2499 3739 new

1500 3760 1730 3811 meaning
1771 3760 1900 3803 after
1944 3760 2030 3803 the
2072 3764 2236 3805 event.
2312 3761 2501 3807 victu!

1501 3826 1611 3872 est:
1636 3826 1777 3870 “was
1801 3825 2051 3879 prevailed
2077 3826 2264 3879 upon.”
