2975 4367
413 293 515 345 146
1329 289 1393 343 Τ.
1429 289 1591 343 LIVI
2333 288 2432 354 [vi.
2469 293 2506 343 2

407 471 739 546 intentati,
817 476 885 533 et
963 469 1286 533 vulnerati
1363 469 1632 550 quidam
1709 470 2072 552 necatique,
2149 471 2204 533 si
2281 471 2503 534 vultus

407 591 631 634 eorum
700 570 1090 649 indignitate
1159 590 1374 633 rerum
1445 571 1650 633 acrior
1720 571 2034 633 victorem
2103 570 2498 635 offendisset.

344 685 373 727 3
410 671 517 735 Ita
574 670 863 733 traducti
920 670 1042 733 sub
1100 671 1325 748 iugum
1383 677 1471 747 et,
1524 670 1699 750 quod
1758 691 1963 751 paene
2023 672 2282 750 gravius
2339 678 2501 748 erat,

407 791 523 852 per
575 771 863 834 hostium
916 769 1136 833 oculos
1191 790 1340 833 cum
1393 791 1429 832 e
1481 769 1656 833 saltu
1709 771 2087 846 evasissent,
2143 771 2268 834 etsi
2321 771 2503 834 velut

410 872 493 934 ab
560 870 779 933 inferis
844 872 1124 934 extracti
1191 876 1336 933 tum
1403 871 1688 951 primum
1756 869 1963 932 lucem
2032 872 2315 950 aspicere
2382 871 2505 934 visi

407 977 583 1046 sunt,
645 977 877 1033 tamen·
928 971 1070 1050 ipsa
1129 971 1243 1032 lux
1300 971 1396 1033 ita
1453 970 1743 1032 deforme
1802 971 2211 1033 intuentibus
2272 992 2505 1049 agmen

343 1087 375 1127 4
408 1072 587 1134 omni
660 1077 869 1133 morte
943 1071 1191 1134 tristior
1249 1071 1393 1133 fuit.
1487 1069 1723 1150 Itaque
1796 1089 1945 1132 cum
2019 1077 2171 1132 ante
2244 1078 2504 1133 noctem

409 1171 701 1250 Capuam
752 1171 1087 1250 pervenire
1138 1177 1423 1250 possent,
1477 1170 1705 1232 incerti
1755 1170 1836 1232 de
1887 1170 2014 1232 fide
2064 1171 2388 1233 sociorum
2436 1176 2506 1233 et

411 1270 585 1352 quod
622 1270 834 1351 pudor
867 1271 1352 1351 praepediebat,
1392 1270 1562 1332 circa
1597 1270 1773 1331 viam
1809 1270 1984 1331 haud
2020 1269 2246 1350 procul
2281 1271 2507 1349 Capua

346 1387 375 1428 5
410 1372 704 1433 omnium
753 1391 957 1450 egena
1007 1391 1278 1450 corpora
1327 1369 1511 1432 humi
1560 1376 2075 1449 prostraverunt.
2166 1369 2355 1444 Quod
2393 1369 2507 1432 ubi

409 1477 509 1534 est
556 1471 849 1551 Capuam
895 1471 1297 1545 nuntiatum,
1346 1470 1544 1532 evicit
1592 1469 1920 1532 miseratio
1966 1469 2140 1532 iusta
2184 1470 2505 1532 sociorum

346 1584 376 1626 6
410 1570 783 1651 superbiam
825 1571 1184 1650 ingenitam
1212 1570 1581 1649 Campanis
1672 1568 2029 1632 Confestim
2071 1569 2348 1648 insignia
2388 1590 2508 1631 sua

411 1669 803 1747 consulibus,
867 1670 1072 1732 fasces
1134 1669 1487 1744 lictoribus,
1554 1689 1755 1744 arma,
1811 1689 2032 1748 equOS,
2088 1669 2504 1744 vestimenta,

348 1784 376 1826 ⁷
411 1777 815 1833 commeatus
879 1769 1195 1832 militibus
1257 1769 1533 1848 benigne
1597 1769 1875 1831 mittunt
1886 1789 1901 1845 3
1963 1775 2031 1831 et
2095 1769 2508 1831 venientibus

411 1871 704 1950 Capuam
765 1877 1040 1933 cunctus
1099 1876 1366 1932 senatus
1424 1868 1834 1949 populusque
1893 1868 2160 1931 obviam
2219 1889 2508 1947 egressus

410 1970 597 2032 iustis
683 1970 987 2032 omnibus
1075 1968 1506 2048 hospitalibus
1592 1969 1995 2048 privatisque
2080 1974 2149 2031 et
2234 1968 2509 2048 publicis

346 2083 377 2126 8
411 2069 705 2148 fungitur
741 2070 983 2132 officiis.
1076 2069 1303 2148 Neque
1340 2068 1461 2131 illis
1499 2068 1821 2131 sociorum
1860 2069 2134 2131 comitas
2157 2066 2510 2148 vultusque

410 2169 671 2249 benigni
726 2175 794 2232 et
852 2168 1159 2249 adloquia
1214 2189 1347 2230 non
1404 2168 1600 2230 modo
1670 2188 2034 2230 sermonem
2091 2167 2337 2244 elicere,
2394 2166 2508 2230 sed

411 2289 490 2332 ne
536 2275 611 2332 ut
654 2268 875 2332 oculos
920 2268 1185 2348 quidem
1231 2267 1606 2331 attollerent
1652 2273 1768 2330 aut
1812 2268 2222 2331 consolantes
2267 2267 2509 2330 amicos

345 2384 375 2426 9
410 2376 639 2432 contra
696 2369 1106 2431 intuerentur
1163 2368 1410 2430 efficere
1467 2374 1777 2447 poterant
1788 2388 1804 2444 ;
1864 2368 2025 2431 adeo
2084 2388 2278 2447 super
2336 2387 2511 2430 mae-

410 2489 620 2531 rorem
652 2468 865 2549 pudor
898 2467 1168 2548 quidam
1202 2467 1420 2545 fugere
1443 2467 1779 2546 colloquia
1807 2474 1875 2531 et
1909 2475 2133 2531 coetus
2168 2467 2509 2530 hominum

315 2584 375 2626 ιο
411 2569 704 2648 cogebat.
796 2567 1064 2630 Postero
1139 2567 1243 2629 die
1318 2587 1469 2629 cum
1544 2567 1809 2630 iuvenes
1883 2567 2148 2644 nobiles,
2221 2568 2393 2630 missi
2472 2588 2513 2629 a

410 2668 653 2749 Capua,
721 2674 800 2731 ut
864 2667 1343 2748 proficiscentes
1410 2666 1493 2729 ad
1561 2668 1757 2729 finem
1822 2667 2231 2747 Campanum
2296 2687 2512 2747 prose-

316 2786 369 2826 11
411 2775 783 2849 querentur,
811 2848 816 2853 ἢ
848 2769 1289 2843 revertissent,
1355 2766 1702 2846 vocatique
1764 2767 1833 2830 in
1894 2767 2140 2830 curiam
2201 2787 2512 2847 percunc-

411 2869 708 2932 tantibus
792 2867 1146 2930 maioribus
1230 2872 1395 2929 natu
1480 2867 1690 2929 multo
1774 2867 1899 2930 sibi
1983 2867 2359 2930 maestiores
2441 2872 2510 2929 et

315 2986 374 3027 12
412 2968 778 3031 abiectioris
828 2966 1029 3030 animi
1078 2967 1250 3030 visos
1297 2966 1637 3030 referrent:
1735 2967 1896 3030 adeo
1944 2967 2137 3030 silens
2187 2988 2261 3029 ac
2308 2986 2511 3046 prope

412 3075 670 3131 mutum
704 3087 936 3148 agmen
964 3067 1295 3130 incessisse
1306 3086 1323 3142 3
1353 3067 1560 3129 iacere
1589 3066 1875 3130 indolem
1905 3067 2082 3130 illam
2114 3069 2509 3142 Romanam,

412 3168 794 3248 ablatosque
864 3187 1014 3230 cum
1085 3166 1281 3230 armis
1352 3167 1623 3243 animOS,
1695 3188 1828 3230 non
1895 3166 2161 3229 reddere
2229 3166 2510 3229 salutem

409 3268 870 3344 salutantibus,
931 3288 1064 3330 non
1120 3266 1275 3329 dare
1332 3285 1736 3345 responsum,
1795 3288 1929 3329 non
1986 3256 2229 3330 hiscere
2286 3286 2516 3346 quem-

472 3509 522 3551 8.
557 3506 714 3550 omni
741 3504 947 3548 morte:
972 3503 1138 3546 “than
1161 3513 1262 3554 any
1286 3502 1415 3545 form
1514 3505 1652 3548 hosts
1684 3506 1782 3548 and
1822 3506 2060 3555 (showed)
2095 3506 2290 3556 private
2320 3514 2376 3546 as
2406 3504 2516 3547 well

410 3575 461 3618 of
490 3573 692 3618 death.”
992 3586 997 3593 ·
1515 3584 1569 3615 as
1592 3574 1757 3626 public
1780 3574 2093 3617 courtesieS.'’

473 3644 523 3686 δ.
557 3639 904 3691 superbiam:
930 3648 1010 3680 see
1034 3647 1099 3680 on
1127 3637 1172 3679 7.
1200 3637 1276 3679 31.
1304 3636 1350 3679 6.
1577 3642 1627 3684 8.
1661 3640 2037 3685 consolantes:
2072 3640 2318 3682 conative.
2387 3646 2518 3682 oon-

473 3710 523 3752 6.
556 3716 683 3752 sua:
709 3706 878 3750 “their
900 3702 1270 3757 appropriate.''
1325 3701 1416 3746 See
1515 3710 1627 3753 tra:
1654 3720 1733 3751 see
1759 3720 1822 3751 on
1854 3710 1895 3752 1.
1928 3709 2000 3752 16.
2028 3708 2073 3751 6.

410 3787 476 3819 on
505 3778 544 3819 1.
576 3777 647 3818 19.
674 3776 719 3818 5.
1580 3778 1658 3820 10.
1693 3785 1827 3820 cum
1854 3805 1867 3819 .
1895 3805 1909 3818 .
1937 3805 1950 3818 .
1972 3775 2266 3819 reteri-ente
2287 3772 2515 3817 resumed

474 3846 524 3888 ’1.
556 3842 747 3886 lustu:
794 3839 1128 3885 substantive;
1176 3837 1416 3880 translate
1514 3847 1582 3897 by
1607 3855 1714 3887 cum
1739 3844 1849 3888 haec
1872 3845 2135 3891 dicerentur
2164 3843 2227 3895 (7,
2260 3843 2323 3896 1),

420 3910 572 3967 “kept
598 3909 663 3956 au
688 3908 774 3955 the
797 3907 989 3961 regular
1013 3906 1337 3953 observances
1362 3914 1416 3950 as
